2048 3638
111 101 171 222 230
343 137 781 200 ornnA-rrouns

117 241 222 304 nullam
238 241 297 311 edit
310 252 438 302 naturam
452 240 531 300 alcali
551 281 566 322 ,Ι
579 239 686 301 nullam
704 237 779 299 acidi
798 279 808 308 ,
829 239 882 300 sed
898 239 978 305 habet

115 322 242 383 indolem
257 321 388 382 blandam
403 359 413 389 ,
436 317 506 380 ntrlli
520 319 595 396 parti
610 321 795 395 corporique
809 319 978 399 oculoqni·

115 400 185 462 dem
200 401 328 468 dolorem
343 399 523 462 inducentem
542 435 553 464 ‚
582 395 734 476 insipidam
750 439 762 474 ,
791 398 975 470 inodotatn,

116 479 267 551 viscidam,
286 478 332 540 sed
346 497 425 558 aquae
441 475 615 538 miscibilem.

157 563 183 626 §.
198 579 225 639 3.
251 560 339 620 Hunc
355 561 387 618 in
401 557 488 617 finem
499 557 561 634 jam
576 555 693 638 affupdo
707 555 776 620 huic
800 553 894 618 salem
913 557 976 618 alca-

117 639 231 712 linum,
251 638 348 699 oleum
362 639 454 698 tartari
468 654 518 713 per
532 635 708 714 deliquium,
720 635 752 694 dc
769 635 889 698 nullum
906 637 977 696 esser·

118 717 268 780 vescentiae
282 716 391 794 lignum
408 713 492 784 edit;
522 715 706 792 nequedum
730 715 761 772 in
787 714 885 776 altero
911 717 974 776 vitro

116 794 169 876 ipfi
183 797 335 861 affunditur
350 794 453 872 spiritus
468 792 527 852 salis
543 836 553 864 ,
577 792 624 853 vel
649 792 747 852 oleum
765 792 908 866 vitrioli,
934 793 973 854 nis

139 879 200 940 uod
215 873 402 956 aliquomodo
415 870 572 951 inspissetur.
602 873 630 932 Si
653 870 722 932 vero
746 871 839 932 ambo
857 875 973 934 consun-

119 896 185 1028 30,
217 957 263 1018 vel
287 953 309 1016 st
332 952 453 1013 alterutri
474 950 558 1011 salem
581 949 743 1028 oppositum
768 949 922 1025 affundo,
949 953 972 1012 fit

118 1036 245 1100 maxima
260 1031 492 1100 effervescentia;
514 1029 535 1110 si
555 1027 653 1090 revera
676 1029 736 1090 talis
758 1025 846 1091 fieret
862 1032 971 1092 efferre·

118 1113 221 1176 scentia
234 1113 263 1172 in
278 1108 371 1172 nostro
386 1111 447 1171 sero
460 1109 615 1190 sanguiqis,
634 1108 724 1182 medii
743 1124 939 1196 creparemus.

120 1335 557 1440 rnocnssus
616 1279 958 1454 uenimus

394 1571 701 1684 monna

174 1787 405 1875 Albummen
437 1787 524 1870 Ovi
552 1786 609 1872 ad
644 1788 837 1889 calorem,
857 1791 916 1903 ig-

428 1999 503 2080 ·=nis
526 1999 615 2082 cair.

117 2224 142 2288 §.
161 2239 188 2282 1.
258 2221 373 2288 lbumerr
398 2222 448 2282 ovi
460 2221 601 2282 leniffrmo
616 2221 681 2297 igne
695 2220 791 2280 sotum
809 2219 927 2284 solvitur
936 2220 965 2280 de

260 2311 409 2362 momento
423 2299 452 2360 in
469 2312 649 2362 momentum
674 2299 790 2375 magis,
819 2299 859 2359 εὸ
874 2302 962 2380 usque.

257 2391 290 2440 ut
302 2379 500 2456 spissitudinem
512 2379 590 2440 suam
604 2382 715 2440 amittat
737 2379 770 2438 dc
785 2377 872 2442 instar
886 2383 963 2440 urin:

113 2455 174 2525 sete
185 2453 339 2532 liquescat:
367 2459 474 2536 superet
500 2471 596 2518 autem
620 2459 665 2520 ille
682 2456 758 2518 calor
773 2473 879 2533 parum
896 2458 964 2520 calo·

113 2554 174 2598 rem
190 2532 315 2599 hominis
328 2537 384 2596 sani
400 2575 410 2605 ,
438 2534 485 2598 ille
508 2539 585 2606 enim
608 2538 715 2598 circiter
730 2537 851 2613 aequalis
869 2538 910 2600 est
924 2556 963 2598 ca-

37 2661 39 2669 ,
111 2615 165 2674 lori
178 2613 331 2686 incubantis
353 2614 480 2676 Gallinae.
519 2616 691 2692 Exemplum
712 2613 771 2676 esto
796 2633 893 2677 ovum
916 2616 964 2676 tlt·

28 2746 38 2754 .
110 2695 162 2754 tile
177 2692 339 2754 incubatum
356 2712 372 2754 a
389 2692 525 2760 Gallini,
555 2695 586 2756 id
600 2695 677 2756 enim
694 2710 785 2752 ovum
806 2711 871 2756 non
887 2695 963 2757 indu·

109 2773 209 2838 rescit,
229 2771 276 2833 sed
289 2773 396 2852 semper
410 2775 520 2834 tenuius
535 2775 565 2834 fit
582 2813 591 2840 ‚
618 2771 780 2834 &tandem
800 2785 959 2837 attenuatur

111 2851 202 2922 adeo,
223 2862 255 2911 ut
269 2852 350 2914 instar
364 2854 452 2914 urinae
466 2853 679 2930 putridisfimum
696 2851 740 2912 sit:

149 2935 175 3000 §.
191 2949 217 2991 2.
242 2931 270 2992 si
286 2932 368 3008 paulo
385 2933 486 3009 majori
499 2933 567 3009 ignis
582 2931 669 3008 gradu
683 2929 824 2991 incalescit
840 2974 851 3002 ,
870 2931 959 3010 inspii

108 3010 180 3070 satur
194 3011 222 3070 in
239 3011 375 3082 scissilem,
391 3012 494 3079 albam,
519 3023 681 3072 concretam
697 3009 871 3082 materiam,
895 3029 959 3072 cum
1011 2999 1012 3082 l

109 3089 281 3166 dissipatione
295 3090 448 3168 paucissimi
463 3090 583 3150 humidi.

150 3173 183 3237 §a
193 3185 218 3259 33
240 3169 371 3254 Ne'uero
389 3170 452 3232 haec
466 3167 611 3256 inspissatio
626 3165 793 3232 adscribatur
808 3166 926 3232 exhalat

929 3267 957 3310 nt
