2058 3642
120 212 174 296 rm
321 207 788 296 operationes

122 313 201 376 cassia
218 317 348 378 &omne
364 333 450 394 genus
466 313 610 373 succorum
628 311 813 383 nativorum,
829 313 917 392 quod
933 329 983 374 not

124 392 157 470 fit
166 395 313 456 balsamum
324 391 392 466 ,hoc
408 394 444 453 esi
453 389 617 470 gunimivel
632 388 728 473 resina

129 488 134 500 ’
163 477 191 541 §.
213 493 256 535 rt.
271 477 361 536 'Serta
383 474 509 534 continet
529 477 613 548 aquas
638 469 773 546 quasdam
808 469 981 538 fluviatis'es,

123 571 190 630 quae
204 553 381 614 observantur
395 555 423 614 iti
438 553 578 628 liquorem
599 547 773 624 spirituosum
800 549 903 617 abite,
934 554 981 610 im·

122 631 216 709 primis
232 631 253 692 fi
268 633 371 712 aliquid
387 630 506 708 injicitur
520 629 589 696 iliis',
608 627 687 704 quod
702 625 786 686 facile
805 629 978 697 fermentat,

123 711 169 770 vel
184 711 205 770 sr
220 709 387 772 asservantur
402 713 429 769 in
447 705 527 768 doliis
536 723 551 778 ·,
577 707 605 764 in
621 705 718 782 quibus
736 705 807 790 quiri
824 709 978 767 fermenta·

122 788 177 849 titii
196 788 351 860 fuit,s1cut
370 806 440 867 aqua
456 786 564 864 proprii:
580 803 637 844 non
654 787 809 846 fermentet
825 789 929 863 perse,
939 786 977 846 sed

121 885 171 944 per
194 867 332 929 accidens.
365 867 472 928 lteratit
497 863 886 942 experimentis'britannicis
906 867 975 928 iden

122 944 281 1008 confirmari
295 945 403 1006 videtur
418 989 428 1016 ,
444 961 547 1021 nempe
564 961 648 1021 aquas
665 984 673 1011 ,
700 961 767 1022 quae
784 943 842 1002 diu
854 963 908 1022 per
920 947 975 1006 too

121 1025 258 1100 terrestria·
268 1025 420 1100 fluxerant,
443 1024 471 1083 in
489 1024 568 1084 doliis
582 1034 703 1098 receptas
719 1023 909 1102 fermentasse
919 1043 975 1102 ,pa-

121 1113 162 1162 tet
178 1103 251 1162 hanc
266 1117 369 1182 aquam
386 1101 549 1162 continuisse
572 1101 666 1160 succos
680 1101 855 1176 vegetabiles
869 1103 975 1163 solutor.

121 1173 358 1248 Wandwoords,
385 1179 415 1240 in
438 1180 531 1258 libello
555 1179 591 1240 de
605 1181 861 1256 Fennentatione,
892 1195 974 1242 namt

122 1259 241 1320 anautis
259 1258 432 1320 observatum
449 1259 548 1331 fuisse,
567 1259 645 1340 quod
659 1265 748 1337 aqua,
775 1277 870 1340 quarn
887 1260 936 1321 sub
949 1263 973 1320 li·

119 1337 173 1398 nei
185 1338 372 1418 aequnottiati
386 1336 531 1406 hauserant
553 1383 562 1410 ,
590 1337 844 1410 fermentationem
860 1340 974 1416 suscepe

117 1417 171 1488 rit,
190 1435 243 1478 nec
259 1419 382 1486 mirum,
406 1429 465 1480 erat
483 1419 559 1477 enim
574 1415 916 1496 spirituosaatmosphaera
929 1421 972 1478 cir·

104 1495 153 1562 ,ti
168 1496 332 1576 dolia,quae
347 1499 422 1558 iilam
439 1495 744 1576 aquam'continebant.
824 1517 827 1524 ’

125 1588 128 1600 “
159 1577 188 1640 §-
210 1573 255 1636 12ss
277 1577 309 1638 In
324 1577 453 1638 omnibus
469 1575 511 1635 bis
533 1576 679 1654 requiritur
696 1617 705 1649 ,
723 1585 755 1634 ut
778 1588 859 1652 aptae
876 1576 969 1638 fiatad

115 1651 381 1726 fermentationem,
403 1655 515 1736 quando
524 1672 626 1730 nempe
642 1656 681 1735 (r)
696 1653 899 1722 suntmarura,
909 1656 963 1716 fici

81 1741 82 1746 ’
98 1791 101 1796 ,
116 1727 235 1796 sumsero
250 1735 346 1796 ribefia
357 1775 366 1802 ,
379 1737 423 1796 vei
446 1733 543 1794 baccas
560 1733 651 1807 adhuc¹
672 1731 773 1793 virides
792 1735 827 1794 'bt
843 1737 965 1816 'exprimo

116 1809 231 1890 succum
255 1853 263 1882 ,
291 1815 346 1878 ilie
366 1813 415 1874 vix
440 1813 589 1872 fermentat
611 1835 621 1880 ‚·
650 1809 670 1870 fi
701 1829 769 1871 vero
805 1813 894 1874 sumo
917 1815 964 1876 suc·

116 1906 182 1949 cum
198 1905 360 1958 maturum,
377 1893 424 1952 vix
438 1909 454 1950 a
470 1891 687 1970 fermentatione
705 1889 806 1964 seruari
818 1891 961 1968 p'otest,fic

114 1965 210 2028 succus
229 1989 343 2030 uvarum
360 1971 571 2032 immaturarum
590 1969 637 2028 dat
652 1971 864 2052 omphacium,
884 1973 964 2052 vquod

114 2045 173 2109 iton
188 2047 387 2118 fermentatur,
412 2047 458 2108 sed
469 2067 534 2110 uvae
552 2051 668 2108 maturae
686 2048 753 2110 dant
765 2049 890 2111 succum
914 2054 963 2112 fet·

113 2125 294 2190 ntentabilern
304 2125 353 2208 (2)
364 2135 402 2186 'ut
411 2127 470 2204 fian
488 2149 540 2186 non
556 2130 633 2186 nimis
645 2127 741 2206 oleosta,
762 2121 916 2190 moderate
929 2144 964 2189 tr·

113 2221 201 2271 rnen,
219 2225 285 2266 narn
303 2205 323 2266 st
343 2208 451 2284 penitus
468 2210 563 2269 oleum
581 2207 716 2276 abfuerit,
737 2207 814 2266 nulia
826 2207 965 2270 'fieretfer

112 2285 249 2344 mentatio
267 2322 277 2351 ,
311 2287 350 2346 uti
368 2287 452 2346 etiam
468 2307 525 2362 non
543 2284 623 2350 fieret
638 2282 658 2342 fi
674 2281 964 2360 oieum'abundaret,

110 2357 148 2418 src
162 2362 316 2438 amygdalae
333 2365 363 2423 bc
379 2367 495 2426 faenrcusi
517 2363 623 2424 sernen¹
634 2379 691 2421 non
708 2367 899 2435 fermentant,
916 2366 960 2426 nii

110 2439 183 2514 prius
199 2439 264 2500 ole'o
280 2441 379 2502 ablato
398 2445 453 2522 (3)
482 2447 517 2501 Ut
539 2439 665 2518 non'fint
685 2445 763 2501 aitaris
789 2463 827 2499 aa
853 2465 906 2502 era
922 2465 961 2502 ner

24 2575 28 2584 ,
108 2519 214 2586 arida,
250 2529 324 2593 patet
341 2537 375 2580 ex
393 2520 476 2584 succis
502 2521 683 2590 immatu'trs,
710 2519 747 2581 fic
787 2525 962 2584 tormentiliz

107 2593 202 2658 succus
219 2614 297 2663 non,
320 2599 365 2656 vei
381 2597 539 2665 difficillime
555 2602 707 2660 fermentat
724 2639 733 2669 ,
762 2597 842 2661 idem
861 2619 963 2663 vemm'

109 2674 145 2735 de
156 2673 305 2745 radicibus,
324 2677 500 2750 corticibus,¹
515 2681 592 2755 lignis
610 2717 619 2746 ,
637 2677 726 2739 herbis
745 2677 831 2738 succo
848 2683 964 2744 emarci-

107 2753 155 2814 dis.
181 2755 238 2834 (4)
261 2755 296 2810 Ut
310 2755 364 2826 fiat
381 2755 511 2834 fhlubilia
530 2762 558 2815 in
572 2753 666 2834 aqud,
694 2758 763 2818 hinc
776 2757 864 2818 solida
883 2763 962 2821 omui

105 2833 425 2912 fennentationi‘inepta
441 2833 527 2907 suni,
541 2853 643 2898 eorum
661 2837 735 2896 enim
755 2851 819 2913 qnae
836 2857 897 2898 non
913 2839 962 2898 sos·

48 2957 51 2962 .
104 2927 207 2974 vuntur
228 2923 317 2992 partes
340 2927 398 2985 non
414 2915 575 3003 concipiunt
591 2929 703 2994 motum
717 2935 729 2983 ,⁴
748 2911 888 2999 adebqbe
903 2937 960 2978 non

102 2990 288 3130 ffleniim’
299 2989 372 3050 nulla
388 2996 463 3054 enim
479 2992 657 3056 fermentatio
675 2994 880 3076 absquemotu
895 2997 957 3074 pos·

143 3088 248 3130 rme.
338 3090 341 3098 ·
552 3092 555 3098 ’
627 3096 629 3101 ·
691 3087 694 3092 ·

143 3149 172 3211 §.
194 3165 236 3224 13.
254 3149 399 3211 fermenta
417 3147 486 3207 sunt.
511 3149 622 3210 Primo:
638 3153 719 3212 succi
735 3163 863 3214 recentes
871 3171 957 3234 vege-

104 3223 228 3284 tabilium
244 3237 416 3284 maturomm
428 3224 513 3286 ‘facile
524 3227 752 3292 fermentantium
768 3229 957 3294 elaffisfecun-

71 3303 74 3310 ⁴
103 3295 166 3371 dre,
188 3301 287 3362 tertiae.
313 3301 692 3370 Secundbrfioresrecenter
710 3308 786 3382 riui,
810 3313 958 3384 cerevifiae,

907 3391 951 3470 rei
