2068 3676
73 187 75 193 ¹
131 129 191 176 aaa
234 107 309 186 DE
352 105 856 179 VEGETABILIBU
878 108 937 178 Se*

128 189 272 348 itin
284 201 1017 369 irsnrtrnantnntnnffr

128 361 354 442 deprehenditur,
374 367 411 426 est
424 369 482 446 plus
495 369 585 428 foffitis
598 367 627 428 id
647 367 683 428 est
703 364 762 445 plus
781 366 854 428 acidi
875 361 1028 452 habet,

44 502 48 512 ,
148 461 214 504 uam
228 445 284 506 salis
299 445 476 524 vegetabilis,
490 449 593 506 &tum
607 447 695 518 nullus
708 447 780 506 odor
791 447 971 524 specificus'
979 454 1028 512 itr'

76 551 80 558 ·
127 463 222 618 {santi
246 525 304 616 esi,
319 526 377 608 ¹sed
391 525 625 616 semperacidurn
639 523 705 600 illud
718 524 821 602 vagum
841 529 951 604 quod
978 531 1028 606 irr¹

128 601 830 772 ttttsltthiitthtnstslstltitt
842 605 1016 748 ἕέἳὲἑῗὲ

128 759 250 836 Plantae,
264 763 341 834 ,tales
361 760 492 828 humores
507 759 700 836 duplicessunt.
722 772 768 821 1⁰,
781 779 809 820 m
826 762 929 840 vafis
948 765 1028 832 abs

34 905 38 916 1
128 837 303 897 sorbentibus.
321 843 380 898 zdo.
401 839 448 916 qui
463 857 512 914 per
523 829 644 898 Arterias
656 841 686 897 &
699 839 792 898 Venas
799 839 1010 922 Plantarum,

128 927 161 974 ut
174 917 212 976 ita
228 915 336 994 dicam,
361 915 540 989 circadarum,
555 917 579 976 sr
594 918 637 989 ille
652 918 745 976 succro
752 917 835 994 pauld
841 921 914 996 plus
924 939 1013 982 mu·
1027 965 1028 972 κ

128 1004 225 1065 tatur,
253 997 330 1055 venit
350 992 390 1053 'ad
417 995 483 1056 folia
507 995 637 1066 Plant'ae,
668 997 770 1074 quiin
795 995 938 1074 Asiaticis
966 1003 1008 1064 &

123 1074 302 1135 ‚Americanis
322 1073 421 1134 Plantis
440 1076 574 1157 plerisque
588 1073 664 1142 idem
677 1073 738 1150 est,
761 1074 807 1136 sed
827 1076 856 1136 in
879 1078 1009 1146 nostris

129 1151 286 1228 regionibus
309 1153 414 1230 hyeme
429 1153 600 1232 ¹plerumque
623 1153 724 1216 cadunt
746 1154 829 1227 solia,
856 1173 938 1218 cum
965 1160 1006 1220 in

129 1230 179 1292 illis
192 1230 259 1306 locis
277 1229 383 1308 semper
396 1230 484 1291 virent
505 1235 535 1294 &
556 1233 676 1315 liorem:
702 1233 767 1292 haee
778 1231 1005 1314 Foliasenaper

130 1309 275 1369 continent
296 1299 432 1388 liquiduni
453 1311 565 1389 aliquod
593 1311 639 1372 seu
659 1309 754 1371 oleum
780 1313 1002 1394 tentuflimum

130 1385 205 1448 idest
215 1389 315 1448 Ceram
329 1391 359 1448 &
372 1389 524 1460 Mannam,
551 1409 616 1470 ¹quae
628 1388 813 1469 tranfl'udant,
836 1409 909 1466 narn
926 1393 1000 1453 Ce-

130 1485 190 1528 tam
205 1469 277 1528 hanc
289 1469 422 1545 colligunt
435 1469 510 1546 Apes
526 1468 620 1531 scabris
633 1469 685 1544 suis
697 1467 809 1546 pedibus
821 1471 834 1539 ,'
857 1470 892 1529 &
910 1464 995 1532 inde

25 1593 28 1598 .
128 1546 255 1617 alveola,
273 1565 323 1624 pro
338 1547 420 1606 melle
432 1547 627 1618 recondendo,
646 1547 751 1607 faciunt
761 1550 776 1620 ς’
796 1547 843 1606 sed
865 1548 997 1612 Manna

46 1640 47 1644 ’
132 1625 171 1686 est
184 1625 276 1706 liquor
288 1627 463 1686 Saccharinus
478 1625 513 1686 de
526 1626 570 1686 die
584 1626 747 1704 liquefactus
769 1627 799 1689 δε
817 1625 993 1703 calefactus,

131 1704 168 1766 de
188 1705 273 1766 node
298 1702 466 1783 inspissatus,
498 1701 722 1786 transsudans'ex
741 1703 819 1785 soliis.
856 1705 995 1786 Veteres

130 1784 239 1863 semper
251 1785 386 1844 habebant
399 1785 536 1844 Mannam
557 1802 608 1861 pro
628 1801 689 1844 rore
709 1781 907 1854 condensato,
934 1782 992 1846 sed

131 1863 300 1924 contrarium
315 1874 459 1938 expertum
475 1863 529 1932 est,
548 1879 613 1921 nam
627 1862 656 1920 in
670 1858 814 1933 Calabris,
832 1861 881 1922 ubi
896 1863 991 1924 uber-

131 1939 202 2000 rima
216 1941 253 1999 est
266 1941 382 1999 Mannae
406 1941 533 2013 collesbo
553 1939 702 2010 sumserunt
721 1938 846 2004 arborem
864 1952 990 2016 totam,

51 2053 53 2057 -
133 2026 254 2094 eamque
266 2017 409 2094 tegebant,
428 2019 488 2078 imo
496 2019 562 2080 solia
574 2019 678 2094 integra
691 2017 867 2079 includebant
881 2021 988 2102 vitris,
1022 2029 1028 2040 '¹

134 2096 165 2154 &
178 2107 273 2154 tamen
286 2097 371 2156 altero
385 2095 429 2156 die
443 2098 549 2157 Manna
565 2096 742 2156 transudabat.
773 2094 849 2174 Ergo
858 2095 988 2160 ,Manna

72 2227 78 2242 ,
134 2173 173 2232 est
185 2173 285 2249 species
299 2175 401 2250 mellis,
421 2177 499 2254 quod
514 2175 650 2236 transudat
662 2194 696 2234 err
710 2175 780 2236 foliis
794 2219 803 2248 ,
822 2175 861 2254 ¹8<
873 2177 984 2238 volatia

131 2251 243 2312 lioribus
256 2253 373 2330 partibus
393 2255 544 2324 exhalatis,
569 2254 691 2314 cra'ffiora
707 2255 873 2323 remanent,
908 2273 984 2334 quae

48 2355 49 2358 ¹
131 2331 255 2408 asn'gore
268 2332 356 2392 noslu
375 2333 574 2402 concrescunt,
601 2336 631 2392 &
651 2333 757 2392 Manna
771 2343 888 2396 vocatur
908 2345 984 2394 tunc

116 2429 118 2436 ¹
132 2407 177 2474 ilia
191 2407 282 2479 masia
299 2411 370 2470 Cera
383 2411 516 2488 colligitur
529 2411 661 2488 imprimis
673 2411 702 2470 in
715 2410 853 2472 arboribus
862 2411 984 2490 &plan-

131 2485 195 2624 {1¹³0
202 2506 266 2624 qgtctae
279 2489 345 2550 folia
366 2491 489 2552 crassiora
508 2490 625 2562 habent,
651 2501 683 2548 ut
700 2489 833 2569 Pulegio,
852 2490 981 2554 Rosmaae
1023 2569 1028 2578 ἢ

242 2585 265 2626 c.

153 2719 156 2722 Ι
173 2643 287 2704 Tertius
306 2645 407 2706 Succus
419 2659 526 2724 paratur
541 2645 570 2704 in
588 2645 731 2718 Floribus,
757 2646 806 2724 qui
825 2642 924 2722 triplex
931 2645 980 2728 est,

133 2720 177 2799 (1)
198 2722 309 2800 Spiritus
328 2724 454 2798 exhalans
467 2727 515 2804 qui
529 2723 653 2784 continet
674 2724 791 2784 odorem
810 2723 978 2800 singularem

132 2800 254 2874 Plantae,
274 2802 317 2862 ille
324 2821 412 2880 vapor
426 2802 552 2871 estllura
565 2803 696 2867 Genitalis
702 2803 748 2862 seu
754 2801 887 2864 seminalis
893 2803 978 2864 Plan-

131 2891 171 2948 ιε
219 2879 275 2940 five
295 2881 454 2942 vehiculum
476 2882 665 2961 Embryonis,
692 2879 757 2958 ergd
780 2881 845 2942 illud
867 2899 976 2960 omne,

132 2925 246 3036 quddin
259 2959 368 3019 floribus
380 2959 451 3026 adeh
464 2956 606 3032 amamus,
626 2961 663 3020 est
678 2961 775 3036 Vapor
793 2959 837 3019 ille
856 2959 978 3036 sperma-

133 3039 210 3106 titus.
230 3039 271 3118 (2)
291 3039 524 3110 Succuscraffior,
540 3041 570 3098 in
584 3047 646 3118 quo
661 3039 732 3099 odor
754 3035 811 3098 ferd
823 3037 928 3107 nullus,
954 3039 975 3100 fi
1027 3059 1028 3072 ¹

133 3115 212 3194 ,Μ
230 3117 366 3234 hosam,
394 3119 613 3214 Hyacinthum,
639 3115 804 3214 veisrrnilet
828 3117 976 3260 fragffiffit
1027 3179 1028 3194 ,
