2112 3658
185 174 228 240 60
313 165 593 238 PRINCIPIA
614 186 664 236 rt
686 163 906 235 PARTES.

224 277 280 332 Per
292 276 407 350 qaedam
421 271 613 352 instrumenta:
634 253 843 332 instrumentum
857 270 1031 352 iar-phyficis

186 367 302 412 vocatur
315 355 368 412 tale
385 354 562 430 corpus,·cui
580 352 709 431 quaedam
730 350 857 421 facultas,
876 353 1035 426 potentia,

171 433 233 491 ¹uel
245 443 338 491 motus
355 431 432 492 datus
444 431 497 502 est,
516 433 564 510 qui
576 441 669 496 motus
682 429 726 488 alii
746 430 856 506 corpori
874 430 1031 512 applicatus

170 509 254 570 ‘facit'
274 509 405 570 effectum
427 511 567 590 quendam
587 507 731 594 physicum
751 507 785 566 ab
805 519 862 566 arte
881 509 1032 586 praescrip·

186 599 256 648 tum.
283 589 320 658 Si,
335 589 410 648 verbi
425 589 526 666 gralli,
538 588 675 652 statuarius
688 587 758 656 leit,
782 585 809 646 se
821 583 915 661 primo
926 587 1031 646 debere

133 717 136 724 .
186 665 301 742 figuram
315 667 454 745 quandam
467 666 579 732 ovalem
591 666 637 726 vel
649 663 796 724 rotundam
810 663 901 723 facere
909 681 968 742 pro
986 683 1031 724 ca·

92 789 94 793 -
186 747 244 822 pite
258 745 405 812 Mercurii,
423 743 504 803 debet
516 741 608 820 primo
622 745 717 802 omnia
730 742 843 811 toller'e,
862 745 1032 822 quaeimpc.

186 822 266 882 diunt
279 823 324 881 vel
336 821 474 898 supersunt
493 865 502 893 ,
530 839 588 900 quo
599 821 691 882 minus
704 821 747 879 illa
757 819 841 896 figura
856 820 904 880 fiat
912 865 923 894 ,
946 821 967 883 li
976 823 1028 881 hoc

115 919 117 926 ’
173 901 357 968 =inaeternum
367 901 515 977 cogitaret,
532 899 599 960 nihil
611 901 747 970 efficeret,
771 899 817 958 sed
830 916 961 960 marmor
970 919 1028 960 ma·

187 989 265 1038 neret
280 997 431 1048 marmor,
450 977 496 1040 sed
511 975 662 1038 fisum‘eret
680 995 802 1037 cuneum
824 978 854 1036 &
874 979 1026 1047 malleum,

96 1083 101 1089 ·
176 1059 220 1116 a&
239 1057 315 1116 daret
328 1056 429 1118 malleo
441 1056 493 1118 hos
506 1067 600 1119 motus
613 1099 623 1128 ,
667 1055 697 1118 ui
710 1073 802 1122 cuneo
821 1055 952 1136 applicati
965 1057 1027 1116 tales

171 1135 302 1194 »efferans
316 1136 458 1210 facerent,
487 1148 519 1212 ut
529 1134 608 1196 fieret
623 1075 726 1220 spicata
741 1135 786 1202 vel
806 1145 889 1211 caput
907 1173 919 1204 ,
962 1149 1027 1194 tunc

171 1212 266 1272 lieret
278 1213 336 1272 talis
350 1214 485 1285 mutatio,
503 1215 589 1293 qualis
602 1227 661 1276 erat
669 1212 831 1292 praescripta.
855 1212 936 1289 Ergo
951 1231 1025 1274 mens

173 1291 278 1352 -nostra
292 1292 330 1351 est
346 1291 464 1352 director
477 1305 587 1364 motus,
605 1293 654 1370 qui
664 1293 812 1370 applicatur
825 1293 956 1368 corpori,
983 1289 1024 1350 sed

145 1367 147 1378 ⁴
189 1369 382 1442 instrumenta,
399 1389 449 1452 per
460 1389 525 1461 quae
538 1371 581 1432 ille
594 1383 689 1462 motus
701 1368 837 1460 perficitur
851 1412 870 1458 ,¹
880 1369 953 1429 sunt
967 1387 1025 1429 cor·

53 1539 77 1580 .
172 1447 1025 1616 ⁴traantlaetriltlt‘latlitltattitulata

174 1607 252 1668 lraec
266 1607 443 1668 instrumenta
455 1604 506 1667 smt
526 1607 554 1666 in
576 1604 694 1666 Chemil
712 1603 806 1682 postei
826 1603 958 1671 dicetur,
982 1602 1023 1662 sed

175 1699 291 1751 ‘omues
304 1699 374 1747 artes
386 1687 487 1747 habent
510 1683 651 1765 quendam
672 1684 787 1760 scopum
808 1681 853 1742 vel
872 1681 962 1742 finem
981 1681 1024 1740 seu

190 1763 381 1842 propositum,
409 1764 445 1824 fic
461 1763 544 1826 etiam
559 1763 687 1823 Chemiae
704 1762 801 1836 scopus
818 1760 877 1820 est:
907 1761 1024 1838 corpora

25 1911 30 1920 Ι
115 1893 117 1896 ,
183 1839 369 1919 fimplier‘fflma
377 1843 530 1919 resolvero,
549 1853 715 1917 componere,
736 1837 942 1917 miseram,
979 1857 1023 1894 ae·

190 1917 1023 2059 trifaria,

193 2017 465 2148 exercendiqmotus,
485 2076 559 2136 verbi
571 2016 673 2153 pratil?
685 2093 720 2134 ex
739 2075 792 2136 sale
805 2075 917 2135 marino
936 2070 1021 2152 'potest

174 2185 177 2191 Δ
193 2154 293 2216 fierisal
302 2155 427 2228 volatilis,
435 2157 478 2216 ille
487 2155 575 2234 potest
586 2155 671 2232 ingeri
677 2154 705 2213 in
713 2171 821 2232 corpus,
836 2151 1021 2230 producetque

177 2233 259 2293 ¹tales
272 2245 383 2305 motus,
403 2236 496 2314 quales
519 2251 560 2294 ars
577 2231 755 2310 praescripsit:
780 2233 836 2292 hoc
856 2243 974 2292 vocatur
986 2228 1021 2287 el·

193 2311 290 2380 setius.
328 2315 403 2390 Ergo
425 2313 543 2374 Chemia
569 2323 659 2380 mutat
683 2328 799 2388 corpora
824 2307 1021 2387 compofitaiu

177 2425 179 2433 ·
194 2389 324 2466 simplicia
340 2393 371 2452 &
382 2391 511 2470 simplicia
518 2393 547 2450 in
559 2388 731 2468 composita,
752 2387 921 2464 &observat
929 2400 1021 2448 omnes

42 2481 43 2488 ¹
65 2535 68 2544 Ἰ
193 2467 258 2528 inde
276 2469 391 2530 effeuus
405 2483 504 2538 ortos,
526 2470 578 2548 qui
591 2467 660 2529 fiunt
676 2466 839 2528 resolvendo
859 2467 891 2527 81
905 2481 974 2527 com
1037 2519 1038 2522 ,

193 2545 302 2609 nendo.
340 2549 407 2609 Hoc
420 2567 486 2626 ergo
499 2547 531 2606 fit
545 2549 574 2606 in
585 2547 646 2607 usus
658 2547 796 2608 humanos
811 2587 821 2616 ,
844 2546 892 2607 vel
904 2546 934 2605 iu
977 2559 1018 2600 um

195 2625 388 2697 Chemicum,
418 2629 465 2687 vel
484 2628 716 2705 qualemcumque
734 2622 904 2702 physicum,
936 2620 974 2682 nil
985 2633 1021 2678 re·

155 2762 160 2771 x
195 2705 264 2766 fert:
281 2701 350 2780 'ergo
365 2704 401 2765 fic
416 2705 533 2782 explicui
546 2715 654 2774 totam,
679 2721 744 2782 quae
763 2701 826 2762 data
842 2702 903 2773 est,
932 2695 1020 2760 defiui-

195 2784 303 2844 tionem
312 2805 326 2851 ;-
342 2801 409 2860 ergo
423 2796 533 2861 rogatur
544 2801 628 2860 porro
643 2781 659 2854 ,’
676 2799 741 2861 quae
758 2780 810 2841 lint
829 2781 939 2858 objecta
954 2777 1021 2840 Che·
1037 2815 1038 2852 3

197 2857 292 2923 mica?
314 2861 476 2938 respondeo,
485 2879 519 2922 co
607 2861 1020 2940 eorumqueproprietatcs,·qu²⁵

196 2941 340 3002 referimus
353 2939 389 3001 ad
401 2952 455 3000 tres
471 2876 601 3001 claffo}n
823 2977 828 2986 ι
1037 2939 1038 2942 ’

236 3019 274 3080 ln·
293 3019 450 3095 corporibus
468 3019 528 3081 sunt
538 3017 677 3100 *quaedam
696 3018 874 3096 proprietates
891 3006 1019 3096 general&

178 3097 249 3158 ¹uel
264 3113 454 3169 communes,
489 3110 521 3160 ur
538 3098 603 3158 hoc,
617 3107 753 3173 pommus
774 3113 826 3174 pro
845 3093 1019 3172 ornamento
1037 3095 1038 3162 ζ

198 3173 314 3266 playfico
331 3176 554 3240 Verulanumo:
594 3191 710 3256 corpora
736 3174 868 3258 quaedam
881 3201 883 3208 ·
894 3161 1019 3315 griffi}
1037 3179 1038 3200 ³
