2046 3632
277 153 304 211 C
338 151 371 211 Η
402 151 426 212 Β
461 159 499 214 Μ
534 152 553 212 1
584 155 634 219 AE.'
842 179 900 244 209

25 250 71 330 eli
86 261 108 322 ¹,
131 261 260 332 tempore
273 248 356 330 pellis
378 247 493 334 aliquod
510 235 627 334 mlas'ma
641 251 670 311 in
686 254 751 316 ae‘re
772 251 899 319 haerere»

29 329 122 410 quod
139 350 199 392 uno
218 329 369 390 momentu
388 329 488 404 corpus
502 325 627 389 bostrutii
642 345 785 408 penetrare
798 335 896 412 poffin

29 413 64 470 δι
81 406 201 472 inillud
215 409 352 488 ingestum
369 403 436 466 ilico
449 405 517 466 illud
540 407 714 479 comburat,
740 411 819 532 im
833 411 904 475 sane

26 487 164 566 poffibile
180 487 235 557 est,
255 507 291 548 an
307 499 404 549 autem
419 501 540 553 vetum,
562 486 623 566 quis
638 485 753 550 dixerit.
775 491 894 570 &quod

28 566 146 643 mirum
164 567 227 640 est,
255 567 292 628 sal
314 567 362 628 liic
384 565 430 624 vix
452 563 582 626 alcalintu
605 564 820 642 deprehenditur
834 570 894 648 spe·

26 643 138 713 cifice,
157 665 223 706 curn
238 645 375 726 quidquid
391 643 526 715 fecerim,
558 661 702 724 nunquam
716 649 896 724 proprietates

27 725 104 788 tales
123 726 250 788 invenire
265 725 363 804 potui,
402 722 461 780 uod
472 720 532 782 fere
546 741 649 784 omues
664 723 798 798 Chemici
812 726 894 806 igno-

27 816 151 876 rarunt,
170 816 291 881 excepto
310 803 370 864 solo
382 739 503 880 boylen.
898 877 903 884 Ι

71 887 100 952 §.
117 902 145 942 2.
174 881 202 944 Si
217 883 387 962 negligenter
401 880 461 939 hec
473 886 546 960 aqua
558 878 679 944 seruatur
694 883 792 955 clareia,
800 883 889 964 spatio

32 963 164 1053 duorum
175 963 301 1101 {munh
317 960 410 1024 evadit
425 958 558 1038 infipida,
576 963 723 1044 ,nappidm
747 966 778 1026 dc
793 981 905 1026 omnes,

29 1060 109 1102 vires
124 1053 223 1103 amrrt.

74 1126 103 1188 ὁ.
123 1139 149 1199 3.
174 1122 251 1187 Hinc
272 1133 384 1202 apparet
404 1119 519 1198 effedus
540 1123 622 1186 calcis
643 1123 745 1196 vivae,
775 1113 900 1202 eJusque'

28 1197 130 1260 lixivii
145 1201 174 1262 in
188 1219 285 1281 corpus
308 1205 464 1264 humanum
481 1217 501 1272 ,¹
517 1219 585 1265 nam
601 1203 638 1264 eli
654 1203 750 1282 liquor
761 1199 809 1262 hic
824 1221 891 1282 pro·

28 1269 135 1340 dueius
149 1280 273 1346 inanime
289 1283 437 1353 cautious,
454 1281 484 1339 δε
500 1281 566 1343 hinc
581 1284 611 1342 in
627 1284 711 1342 omni
726 1283 828 1342 morbo
837 1281 888 1342 ubi

27 1356 100 1419 sales
118 1360 215 1438 panum
232 1361 349 1422 mobiles
365 1357 443 1432 sunt,
471 1360 647 1420 celerrimum
669 1373 830 1428 venenum3
859 1365 891 1420 in

29 1437 89 1496 illis
115 1440 184 1502 verb
209 1440 369 1516 corporibus
397 1439 446 1496 ubi
470 1440 568 1497 omnia
590 1439 691 1498 inertia
714 1437 749 1496 ab
772 1435 886 1504 acido,

24 1515 283 1594 praeliantiisunum
301 1519 331 1576 ὃ(
345 1503 564 1588 incomparabie
585 1515 753 1592 remedium.
798 1515 835 1576 Et
851 1513 889 1576 fic

26 1595 135 1655 videor
151 1597 223 1654 mihi
240 1596 327 1664 scire,
355 1609 441 1672 quare
460 1591 575 1656 Parifini
589 1593 699 1654 Medici
716 1591 789 1653 adeo
805 1595 889 1654 mira·

27 1675 49 1732 ti
65 1673 123 1733 sunt
141 1715 151 1743 ,
175 1691 225 1732 cur
240 1673 371 1734 lixivium·
383 1672 463 1734 calcis
478 1672 555 1732 uivae
571 1674 661 1734 lentos
687 1672 801 1744 morbos
812 1673 885 1733 adeo

23 1750 124 1810 solvat
137 1751 166 1810 in
181 1751 340 1829 regionibus
357 1749 529 1822 borealibus,
548 1753 578 1812 ὃς
596 1769 662 1815 cum
683 1745 825 1812 voluerint
840 1769 898 1818 ea·,

24 1829 102 1888 dem
120 1831 308 1906 experimenta
323 1833 355 1891 in
366 1830 461 1892 Galliis
478 1829 619 1893 instituere
638 1829 648 1902 ,’
674 1841 737 1894 tam
752 1827 887 1892 infaustos
922 1886 924 1890 ,

25 1907 179 1970 habuerint
195 1907 342 1983 successus:
367 1927 434 1972 nam
458 1911 504 1972 ltic
532 1909 732 1992 corporasunt
756 1908 884 1992 maxime

26 1985 149 2048 mobilia
164 1990 195 2050 dc
212 1989 302 2060 levia,
320 1988 367 2050 se'd
381 1989 421 2050 ibi
436 1989 484 2050 ubi
500 1989 562 2052 sunt
577 1989 675 2052 mertia
690 1999 778 2070 quam
793 1991 885 2050 maxi·-

27 2065 79 2126 md
102 2067 223 2144 prodest.
264 2069 314 2135 Ne
332 2071 429 2129 tamen
450 2069 574 2149 dehutln
591 2068 723 2149 phtlrysr,
752 2086 820 2128 nam
843 2069 885 2129 ibi

28 2145 236 2288 {llll-{urst
252 2147 483 2288 ludimus
501 2137 889 2290 lavinarium

30 2294 197 2390 humoribus
214 2247 367 2378 miscetur,
382 2273 508 2368 corrodit,
518 2297 598 2368 instar
612 2305 701 2384 ignis,
725 2305 790 2366 sales
805 2306 885 2368 intri-

31 2395 111 2445 catos
131 2385 161 2446 in
186 2386 266 2448 rtobit
287 2382 426 2465 expedit,
464 2387 532 2446 facit
551 2405 587 2446 ue
603 2391 645 2446 'ut
663 2385 739 2464 ignei
756 2385 882 2449 evadant.
941 2449 944 2456 Δ

67 2463 147 2524 Hinc
163 2464 320 2543 colligimus
338 2483 360 2526 r.
374 2467 435 2526 vim
454 2405 624 2526 corroitram
643 2465 726 2526 calcis
742 2465 883 2529 rivaenon

30 2539 106 2601 adei>
120 2541 278 2624 dependere
294 2544 328 2606 ab
342 2543 402 2623 ipsi
425 2542 481 2606 bic
499 2545 602 2618 calce,
625 2543 672 2606 sed
685 2562 741 2623 qua
759 2555 761 2562 ⁴
791 2547 883 2607 maxi-

33 2617 83 2679 me
99 2621 134 2683 ab
148 2621 329 2704 humoribus,
345 2623 465 2703 quibus,
479 2625 517 2708 Ι8,(
532 2622 644 2696 modo,
669 2643 729 2704 quo
776 2624 798 2684 is
814 2623 883 2684 mis·

32 2711 127 2839 cetubr,
147 2701 178 2761 δι
194 2706 344 2766 acerrimos
361 2701 471 2773 reddit,
490 2703 572 2783 quod
586 2705 619 2764 dc
633 2703 817 2764 Helmontius
830 2721 883 2782 op·

32 2787 85 2839 um
117 2782 210 2841 novit.

6 2861 8 2870 '
68 2875 86 2916 2
112 2859 361 2921 Curinlentissimo
375 2857 524 2930 scorbuto‚
545 2876 663 2939 corpore
680 2857 765 2928 acidis
779 2859 883 2938 pleno,

34 2933 64 2993 de
79 2953 170 3013 pauco
184 2938 238 2999 sale
253 2939 359 3000 volatili
373 2939 505 3013 scatente,
519 2938 592 3002 adeb
606 2937 701 3016 prosit.

35 3017 174 3157 magur
195 3020 225 3080 in
240 3033 373 3106 ¹corpore
397 3017 495 3080 bilioso
520 3021 551 3079 δι
574 3015 788 3103 sanguinolento
809 3017 883 3083 adeo

393 3299 395 3306 ·
461 3261 493 3320 0
591 3307 595 3313 .
763 3219 923 3342 4Quoj⁴
