2108 3684
79 199 163 268 UT
187 151 789 284 mainutaanuoucnamtm.
833 217 895 290 ²33

39 303 136 384 Aqua,
154 307 189 366 δι
212 303 253 364 sal
273 299 366 362 acidus
380 297 437 358 fine
448 297 502 358 ulla
516 297 617 376 Aqui,
635 315 673 357 an
687 297 896 366 ellemescerent
992 307 994 312 '

38 384 118 443 unc?
139 384 265 451 nescio,
286 381 342 440 hoc
357 379 450 438 saltem
463 377 538 458 lci0,
552 375 630 454 quod
644 375 665 436 ti
677 377 789 454 Aquam
803 378 895 452 addit,

34 462 130 540 'ingens
147 459 366 524 effervescentia
379 457 468 515 statim
482 456 575 514 on’tur.
612 454 729 532 Sulphur
740 473 806 516 cum
821 459 895 520 ferro

41 541 199 601 effervescit
216 539 375 614 violenter,
393 533 439 593 sed
449 546 559 596 tantum
568 532 594 592 li
606 533 720 611 Aquam
741 534 896 609 admisceo,

41 621 156 679 nudum
172 619 295 696 sulphur
311 617 343 674 bc
358 613 473 672 crudum
487 614 589 672 fenum
603 617 663 671 non
677 611 804 673 videntur
816 613 896 674 efferss

41 699 146 758 vescere
162 694 314 762 omnini),
331 693 422 761 dices,
441 705 536 750 tamen
551 708 661 767 magnae
681 692 896 754 effervescentiae

42 774 102 836 fiunt
114 776 156 837 ab
170 775 246 836 oleo
262 772 382 842 vitnoli,
401 771 457 830 hoc
469 787 568 831 verum
581 771 636 848 eli,
653 771 700 834 sed
719 788 820 849 magna
833 792 896 853 pars

42 856 87 914 alei
102 855 221 918 vitrioli
235 852 275 918 est
289 853 381 932 Aqua.
416 881 426 886 -

72 937 116 1010 (9)
140 935 238 1012 Aqua
253 931 453 1007 separationem
467 947 616 1006 conpotum
631 929 788 1000 oleosorum
807 933 893 997 asali·

44 1011 75 1070 nis
94 1013 190 1082 facit,
211 1009 294 1090 quod
315 1007 353 1068 est
372 1005 520 1074 summum.
533 1009 759 1080 emolumentum
773 1012 801 1071 in
816 1015 892 1074 Che-

44 1089 107 1161 nid,
128 1089 172 1149 fic
196 1086 324 1148 st'habes
347 1087 458 1158 oleum,
477 1087 555 1165 quod
567 1089 735 1152 inviscatum
749 1090 788 1150 est
801 1095 892 1155 multo

45 1166 102 1240 lale,
124 1171 159 1228 &
176 1167 273 1228 fihoc
287 1163 473 1242 compo'sttum
488 1166 535 1226 diu
549 1168 708 1246 conquallas
717 1187 783 1230 cum
789 1171 891 1253 Aqud,

45 1249 129 1307 omnis
152 1247 194 1306 sal
217 1246 361 1326 resolvitur
380 1246 407 1304 in
429 1243 528 1322 Aqui,
548 1247 642 1306 oleum
658 1248 799 1310 extricabit
812 1251 839 1310 se
853 1271 889 1316 ex

45 1324 107 1397 sale,
127 1326 202 1408 quia
217 1325 338 1402 refugit,
358 1325 388 1383 ὃ(
401 1323 437 1394 lic
451 1324 645 1386 edulcotantur
652 1327 714 1388 olea
721 1341 752 1389 ut
759 1329 889 1391 Chemicl

47 1403 148 1478 dicunt,
204 1452 209 1457 .
387 1411 391 1422 '
608 1425 612 1436 ’

79 1482 143 1556 (10)
167 1481 286 1558 llqearat
305 1481 398 1542 omma
419 1484 514 1545 foffilia
533 1482 568 1542 ab
587 1484 666 1543 omni
687 1483 779 1560 spin'tu
796 1485 887 1552 acido.
964 1524 969 1536 κ

49 1558 85 1618 Sic
104 1562 124 1621 fi
139 1559 350 1638 quodcumque
364 1564 507 1621 metallum
522 1560 642 1620 solutum
655 1561 692 1620 'est
705 1563 734 1621 in
747 1583 889 1641 quocum·

47 1656 95 1714 que
106 1639 207 1718 spiritu
222 1637 304 1698 acido
315 1639 377 1708 ,vel
388 1638 609 1712 alitamenstruo,
623 1638 888 1704 stadinileeturmul-
925 1695 927 1702 .

48 1729 102 1777 tum
123 1721 155 1780 A
178 1735 242 1786 uae,
270 1717 424 1776 debilitatur
443 1717 509 1774 illud
528 1715 714 1786 menstruum,
741 1720 771 1775 &
790 1721 890 1782 metal.
944 1736 950 1750 ·

47 1794 100 1856 lum
119 1737 200 1858 cadit
219 1795 255 1856 ad
276 1794 412 1863 fundum,
432 1791 452 1852 fi
470 1791 588 1851 affundit
608 1810 714 1854 novam
726 1796 839 1874 Aquam
856 1803 887 1861 δε

47 1874 145 1949 abluis,
165 1872 279 1934 habebis
291 1873 455 1950 plerumque
468 1871 609 1948 pulverem
623 1872 732 1956 dulcem
745 1875 888 1954 infundo,

49 1954 151 2014 &haec
166 1953 206 2012 est
222 1951 375 2019 methodus
386 1951 563 2032 edulcorandi
577 1953 650 2030 apud
664 1953 801 2016 Medicos.
858 1983 861 1988 ·
883 1983 888 1996 2

84 2035 151 2111 (11)
172 2031 308 2104 Tandem
335 2031 418 2109 Aqua
446 2043 545 2108 praeter
570 2031 632 2092 haec
657 2035 751 2103 omnia
777 2036 887 2106 inservit

48 2110 157 2171 summo
184 2109 244 2170 usui
270 2111 298 2168 in
317 2109 433 2187 phyficis
452 2109 746 2172 advdeterminanduni
767 2116 885 2190 gradum

48 2189 186 2251 summum
212 2189 289 2264 ignis.
328 2189 372 2248 Sic
400 2188 421 2248 st
447 2189 536 2247 habeo
562 2189 675 2266 Aquam
696 2191 884 2270 puriffimam,

50 2271 125 2328 omni
144 2267 236 2328 modo
255 2267 416 2344 deputatam
439 2267 568 2334 invase,
590 2269 766 2346 &suppono
787 2274 883 2352 ignem
994 2270 998 2290 ‘

50 2347 140 2418 donec
151 2346 279 2418 ebulliat,
300 2346 490 2408 determinabit
505 2346 643 2417 calorem,
663 2349 740 2426 quod
761 2349 888 2428 pnoc'edit

49 2425 74 2484 in
93 2439 160 2486 toto
180 2438 314 2484 terrarum
336 2425 420 2497 orbe,
439 2425 459 2485 fi
480 2417 616 2486 nondunl
628 2425 742 2499 ebullit,
767 2429 826 2492 non
846 2435 884 2496 est

50 2515 103 2564 tam
117 2503 221 2575 calida,
242 2502 262 2561 st
276 2506 383 2574 tremit,
402 2505 492 2566 adbuc
506 2506 597 2576 minus
611 2506 776 2578 calebit,sed
789 2510 882 2586 fimul-

51 2601 79 2642 ac
98 2583 209 2651 ebullit,
237 2593 389 2660 utcumque
409 2585 507 2644 retines
532 2584 608 2660 supra
628 2584 720 2660 ignem
739 2605 881 2668 nunquam

50 2664 104 2742 plus
123 2661 222 2722 calebit
240 2679 292 2719 nec
311 2663 426 2740 frigebit.
465 2663 508 2722 Sic
521 2663 612 2740 paimd
625 2682 724 2740 parum
738 2668 885 2736 calescitid

52 2741 84 2800 est
97 2759 131 2800 ex
151 2739 277 2808 auditur,
296 2751 358 2800 tum
373 2741 432 2820 plus
445 2759 477 2801 ac
491 2741 548 2816 plus
564 2743 684 2816 calescit,
703 2745 794 2804 donec
807 2747 885 2812 ebul-

49 2820 108 2890 liat,
129 2759 175 2878 dd
187 2831 256 2878 tunc
269 2835 327 2878 non
339 2820 454 2896 amplius
468 2821 572 2880 calescit
592 2833 733 2902 utcunque
751 2840 883 2900 augeatur

51 2899 132 2976 ignis,
150 2915 203 2956 nec
222 2897 281 2986 plu's
301 2899 436 2975 expandet
454 2898 552 2974 gradus
572 2899 667 2959 calon's
681 2903 879 2974 in'mercuri03

51 2980 112 3054 ergo
126 2979 209 3053 Aqua
222 2974 332 3034 inservit
349 2995 433 3054 quam
448 2975 571 3037 maxime
585 2995 636 3054 pro
650 2977 793 3055 dirigendo
807 2981 884 3040 calo-

52 3075 79 3114 re
92 3055 207 3133 ubique,
223 3053 281 3110 hoc
293 3051 406 3114 debetur
417 3057 546 3115 Domino
554 3055 612 3115 Des
620 3057 783 3116 Amantons.
804 3061 881 3124 Hinc

53 3135 185 3212 usurpatur
206 3129 307 3188 Mariae
327 3131 478 3204 balneum,
498 3133 633 3213 quoniam
655 3126 686 3192 ill
703 3134 823 3210 q‘udlibet
836 3139 886 3212 ,ἀεὶ

53 3213 188 3290 ‚dilatione
200 3211 231 3272 in
244 3205 329 3284 gradu
342 3211 503 3350 ebullitignis
516 3227 577 3273 non
590 3209 815 3290 accipittgaadum
824 3228 885 3277 ma·

488 3313 502 3366 ς
791 3313 885 3370 Jorem
