2048 3638
289 135 653 238 anamim
803 155 901 261 'm

42 413 474 511 PROCESSUS
526 411 865 503 DECIMUS.

167 719 170 723 -
194 659 324 756 Urina
343 653 498 773 digesta
522 623 734 767 alcalrscit.

19 918 61 984 §-
87 933 121 974 1.
188 912 279 972 ouum
296 927 393 990 reeens
410 909 472 972 vase
495 908 587 972 clauso
603 909 650 978 vei
667 921 764 990 aperto
781 953 790 982 ,
815 909 897 970 fimrii

188 1005 287 1069 tepore
317 992 448 1068 corporis
462 988 537 1062 sani,
554 990 728 1070 aliquamdiu
757 989 895 1067 digestum

189 1068 334 1148 spumescit
352 1069 514 1137 tenaciter,
533 1068 612 1130 rubet
628 1106 638 1137 ,
665 1071 770 1140 faetet,
796 1069 900 1128 alcale·

29 1149 119 1215 scit,
142 1143 174 1208 fit
187 1149 288 1227 saporis
304 1148 431 1209 acerrimi
450 1149 546 1226 ignei,
573 1147 738 1210 calculosam
753 1148 900 1209 materiam

28 1225 179 1292 lateribus
191 1226 262 1288 ariis
275 1227 403 1306 apponit.
441 1225 644 1300 Turranius,
666 1227 817 1290 fullonibus
842 1228 903 1289 lixi·

29 1311 99 1370 vio
118 1303 241 1367 alcalino
257 1307 395 1367 acerrimo
415 1305 530 1384 ,inservit
551 1307 587 1368 ad
604 1307 679 1369 lanas
696 1305 876 1383 detergendas
890 1327 902 1377 ς

32 1403 116 1468 quae
134 1382 201 1446 alias
217 1385 407 1464 impedientur
421 1386 468 1446 sut
480 1383 651 1461 pinguedine
674 1385 801 1445 colorem
823 1384 904 1444 susei-

356 1605 358 1610 .
420 1584 431 1614 2
909 1600 912 1608 .

37 1625 239 1702 spontaneum
257 1621 358 1693 alcaii,
383 1621 459 1684 uude
483 1621 548 1681 iana
570 1619 623 1682 hic
647 1619 722 1682 elota
745 1619 776 1680 fit
801 1620 906 1681 esurina

39 1702 203 1772 polorum,
228 1701 305 1779 quod
320 1715 418 1762 tamen
432 1711 605 1778 negaverunt
613 1699 691 1760 Clari
700 1698 829 1771 Medici,
855 1699 903 1762 sed

47 1777 242 1859 unusquisque
256 1780 346 1858 potest
360 1781 496 1858 experiri„

90 1867 121 1934 §-
139 1879 168 1920 ι.
195 1859 283 1938 Quod
306 1849 505 1928 demonstrat,
534 1856 603 1937 quid
628 1855 725 1920 salibus
739 1855 770 1918 &
784 1855 862 1927 oleis,
876 1857 908 1918 in

49 1955 179 2015 corpore
194 1939 330 2016 humano,
345 1957 395 2016 per
410 1935 498 2000 solam
513 1937 640 2018 quietem
655 1937 781 2004 accidat,
803 1953 908 2015 nempe

44 2017 183 2079 alcaiicos
198 2017 265 2080 fien'.
288 2017 322 2080 Id
336 2015 414 2096 quod
451 2035 547 2096 uoque
559 2016 749 2078 demonstrant
756 2015 908 2076 catheteres

47 2097 159 2158 veucae
173 2094 325 2162 immitia,
354 2097 384 2158 in
401 2035 456 2174 qu&
469 2097 548 2158 urina
563 2111 613 2174 per
634 2095 744 2175 aliquot
758 2093 818 2156 diet
830 2094 908 2155 haefit

54 2190 172 2238 retenta
187 2217 197 2248 ,
223 2175 360 2238 coloribus
374 2173 484 2236 imbuti.
899 2225 905 2231 .

89 2260 121 2324 §.
144 2273 171 2335 3.
197 2255 323 2333 Quando
338 2253 471 2319 volumus
486 2252 608 2333 spiriurm
622 2255 710 2318 urinte
723 2251 844 2321 habere,
860 2253 911 2317 de·

50 2333 158 2396 bemus
172 2351 258 2414 quam
273 2331 399 2398 maxime
414 2351 513 2394 cavere
530 2333 564 2394 ab
578 2336 660 2395 omni
675 2333 741 2396 oleo
758 2356 768 2403 ;
795 2351 862 2396 nani
877 2335 909 2398 id

50 2413 185 2474 maximi
208 2415 309 2476 faetet:
342 2414 406 2476 haec
422 2431 490 2478 vero
512 2411 551 2472 est
565 2415 646 2492 origo
662 2413 792 2478 omnium
804 2414 907 2477 salium

52 2493 263 2566 aicalinorom,
279 2492 355 2554 unde
371 2495 402 2554 bt
417 2493 480 2556 baec
496 2491 604 2556 urinosa
618 2494 679 2556 salia
693 2493 833 2558 dicuntur.
945 2487 950 2496 “

95 2574 164 2648 Jam
181 2571 321 2633 refiduum
337 2572 444 2650 urgebo
459 2574 523 2650 igne
538 2584 654 2650 aperto,
678 2573 804 2644 cibabo,
826 2574 914 2636 &ha-

56 2646 136 2714 bebo
152 2650 218 2712 sales
231 2650 327 2729 ipsust
353 2669 391 2718 ne
413 2651 527 2718 interim
550 2651 712 2718 dubitemus
734 2655 812 2732 posse
827 2654 914 2712 etiam
941 2687 943 2692 ·

58 2745 96 2787 ex
113 2729 174 2790 aliis
198 2730 374 2808 liquoribus,
404 2731 451 2792 vei
473 2731 635 2794 humoribus
658 2732 741 2792 nostri
764 2733 917 2806 corporis,

58 2803 124 2870 fieri
142 2807 209 2872 sales
228 2807 405 2878 effeminet,
428 2809 555 2888 quamvis
580 2828 639 2872 non
655 2823 810 2888 appareat,
834 2809 917 2870 sisai-

61 2897 125 2946 tem
144 2885 255 2964 poffeut
269 2886 376 2962 liberari
388 2887 423 2948 ab
439 2888 520 2948 omni
537 2887 612 2951 oleo.
649 2891 694 2951 Sic
709 2906 768 2948 non
781 2887 841 2948 fieri
856 2887 920 2964 po'i-

63 2963 128 3033 suut
143 2983 179 3028 ex
199 2965 257 3028 bile
273 3005 283 3035 ‚
310 2981 405 3042 neque
420 2983 456 3028 ex
472 2966 603 3044 sanguine
619 2967 658 3028 ob
682 2965 801 3027 nimiam
816 2966 917 3027 oleoso

64 3053 155 3112 tatem
175 3086 185 3115 ,
212 3063 279 3124 quae
293 3045 341 3122 bis
357 3043 428 3110 inest
445 3044 527 3114 „sed
539 3063 574 3108 ex
588 3043 692 3114 utini,
718 3062 781 3121 quae
802 3043 841 3103 est
859 3045 920 3106 lixi·

15 3213 16 3216 ψ
65 3120 346 3266 iiffiiidffiiit
359 3121 924 3275 rr¹uuiturt2utuat

493 3281 523 3340 0
542 3297 559 3360 3
833 3294 931 3357 patum
