2112 3658
302 133 342 202 D
366 133 396 202 E
441 135 474 202 ll
494 137 531 205 U
553 139 585 216 R
607 138 651 206 O.
861 149 899 220 71

63 232 193 306 namn
214 240 371 302 inlinitum
393 242 469 311 fere,
487 241 524 302 sic
544 245 731 304 Dtauratores
755 245 784 302 in
805 241 902 318 Anglii

67 323 168 392 &Galli
180 323 307 382 sumunt
328 319 439 396 argenti
458 323 551 382 uncias
571 324 707 382 XLVlll.
729 323 759 382 dt
779 324 901 382 formant

67 402 116 464 inde
124 402 277 481 cylindrum
287 444 297 471 ,
307 400 358 457 cui
369 411 481 458 tantum
496 401 609 464 unciam
619 421 650 471 r,
669 402 727 461 auri
741 399 901 476 superindu-

67 495 132 550 runr,
144 483 179 542 ira
194 494 228 541 ut
242 477 402 557 proportio
413 479 472 540 aun·
492 479 525 539 stt
544 491 576 540 ut
600 499 611 539 r
635 480 671 540 ad
688 480 734 557 48.
752 481 808 538 hoc
826 479 901 538 sado

62 557 146 619 ducunt
171 561 254 630 hunc
289 555 453 633 cylindrum
486 558 650 618 deauratum
669 559 698 617 in
724 556 767 617 frh
788 570 845 618 ram
860 570 903 617 te·

61 639 126 709 ruia,
142 639 251 698 utduae
261 637 349 695 ulnae
363 635 433 696 illius
444 637 600 712 ponderent
610 654 650 714 gr:-
664 638 685 697 l.
698 636 728 695 in
750 637 799 697 illo
817 653 902 712 grano

63 734 106 782 mo
116 718 222 794 argenti
234 731 319 776 nunc
333 713 373 771 est
388 727 424 795 ᾗ
437 732 496 792 pars
510 716 584 786 auri,
603 716 641 775 eil
654 733 722 794 ergo
739 729 773 798 ἐξ
787 732 847 795 pars
861 731 902 792 gra

59 803 199 864 amduea
211 806 242 863 in
254 797 467 876 longitudinem
487 801 602 862 duarum
622 803 758 867 ulnarum.
798 803 902 864 Videa-
929 872 933 880 ¹

59 878 577 945 mllalaeusinaenshondinenfibus
587 884 777 960 Tom.r.pagr
793 881 846 960 587
871 885 902 942 &

62 969 144 1032 tamen
156 979 263 1022 aurum
278 960 338 1018 hoc
353 957 537 1038 microscopio
551 962 729 1038 conspertum
742 979 801 1020 non
815 961 901 1038 pellu-

64 1035 902 1194 thistri?slettlthllh‘lllnulllths}

62 1194 178 1257 ridemus
191 1197 281 1256 etiam
305 1194 365 1274 ejus
386 1193 524 1254 summam
537 1199 717 1259 tenacitatem
731 1196 901 1270 naturalem,

62 1275 152 1334 nansi
167 1295 245 1335 1000
260 1291 301 1350 gr:
316 1272 376 1330 auri
388 1287 427 1348 gr:
445 1291 456 1332 1
474 1273 602 1352 sulphuris
615 1277 812 1348 admiscueris,
832 1277 901 1337 mal-

61 1349 145 1413 table
157 1373 218 1414 non
233 1353 291 1428 est,
310 1349 361 1409 nifi
375 1351 449 1427 prius
461 1371 547 1414 omne
559 1356 668 1433 sulphur
682 1355 717 1417 ad
731 1357 825 1434 ignem
836 1373 901 1416 eva·

62 1433 207 1506 poraverit,
225 1433 293 1492 hinc
305 1431 451 1506 stannum,
470 1450 585 1510 cuprum
605 1437 636 1496 ὃ(
654 1437 758 1495 serrum
779 1435 900 1495 multum

62 1507 183 1587 sulphuris
200 1514 230 1571 iu
250 1511 279 1569 se
299 1509 453 1570 continent.
492 1512 520 1570 Si
540 1531 581 1590 gr:
603 1532 615 1572 r
639 1515 697 1573 auri
717 1513 746 1571 in
766 1531 806 1589 gr:
824 1535 900 1588 1000

66 1589 151 1668 Aquae
159 1591 258 1667 Regiae
277 1587 415 1658 solveris,
454 1589 484 1648 dt
502 1591 568 1666 huic
586 1589 680 1652 massae
700 1609 789 1652 unum
803 1609 842 1668 gr:
863 1593 903 1668 sps

66 1667 129 1730 Nitri
142 1668 293 1736 addideris,
313 1665 433 1726 fundum
440 1668 503 1728 vitri
515 1683 593 1748 petet
605 1669 685 1727 instar
698 1671 831 1744 pulveris,
851 1671 903 1729 ite·

64 1763 122 1806 rum
135 1763 172 1824 gr:
189 1768 201 1808 r
217 1747 278 1807 auri
291 1745 431 1806 miscueris
443 1763 483 1822 gr:
507 1767 583 1808 1000
598 1747 725 1824 argenti,
745 1759 812 1806 tunc
832 1749 903 1806 mix-

63 1835 123 1885 tum
139 1845 195 1886 non
214 1823 455 1904 deprehenditur,
493 1825 539 1885 sed
561 1825 709 1886 sitantum
732 1842 772 1902 gr:
795 1826 905 1907 rhujus

68 1901 155 1963 maffae
164 1905 272 1966 solveris
284 1906 314 1964 in
331 1904 413 1984 Aqua
427 1903 521 1975 Forti,
542 1916 603 1965 tum
617 1921 677 1982 pars
690 1903 760 1966 istius
772 1908 903 1982 graniau-

69 1981 91 2038 ri
105 1983 210 2044 fundum
225 1996 304 2062 petet
319 1983 455 2053 insoluta,
476 1986 612 2063 reliquum
626 2003 695 2046 vero
721 1986 824 2062 argenti
831 1987 902 2046 solu-

68 2071 124 2120 tum
132 2065 185 2137 erit,
193 2083 260 2125 cum
270 2080 372 2122 aurum
380 2081 439 2122 non
451 2063 569 2124 solvatur
582 2065 616 2124 ab
629 2065 713 2144 Aqua
728 2063 903 2126 Fortisedar-

86 2153 181 2202 entum.

68 2155 204 2280 glertr'us
217 2219 374 2278 Clarasler
395 2217 431 2298 est
452 2219 517 2298 Ejus
536 2219 623 2280 fixius
648 2218 684 2280 ad
703 2220 814 2298 ignem,
841 2221 903 2280 haec

71 2299 185 2362 mirabilis
200 2301 256 2372 est,
278 2299 377 2358 omnia
393 2297 469 2358 enim
482 2315 599 2378 corpora
612 2297 648 2358 ad
668 2297 733 2362 duas
754 2297 844 2372 classes
861 2319 903 2360 re-

69 2375 202 2453 diguntur,
221 2395 346 2458 quarum
360 2377 446 2454 prima
463 2379 587 2436 continet
600 2377 720 2437 volatilia
734 2391 831 2454 utpote
839 2397 904 2456 quae

69 2456 221 2520 violentiam
236 2457 308 2534 ignis
321 2455 718 2527 nonsrdlinent,velavolant,
738 2475 803 2516 nam
813 2459 905 2518 omnis

68 2529 99 2592 itl
111 2537 248 2598 &oleum
262 2537 293 2594 in
307 2535 500 2611 vegetabilibus
513 2535 718 2604 &animalibus
733 2536 825 2606 avolat
833 2580 842 2606 ,
850 2551 902 2597 rer-

69 2628 93 2670 ra
103 2616 208 2676 uidetur
219 2616 397 2692 aliquantum
410 2613 550 2686 constare,
565 2614 611 2673 sed
623 2614 667 2676 illa
688 2617 733 2675 vel
753 2615 908 2690 evanescit,
1004 2671 1007 2680 ,

69 2693 106 2755 rel
118 2695 145 2754 in
159 2695 268 2754 vitrum
285 2693 409 2768 cogitur,
426 2693 471 2752 vel
484 2693 628 2756 atterendo
641 2696 757 2756 volatilis
767 2694 848 2774 reddi
854 2688 912 2771 po?

68 2770 119 2830 test.
140 2776 241 2838 Omne
257 2770 404 2830 metallum
417 2772 452 2831 ad
464 2772 558 2848 ignem
571 2773 682 2832 volatile
701 2773 841 2846 redditur,
860 2779 924 2837 err-'

67 2863 140 2926 cepto
153 2871 225 2912 auro
242 2852 275 2908 δι
289 2861 420 2924 argento,
440 2853 524 2930 quare
537 2869 612 2912 nunc
623 2852 680 2912 hoe
692 2851 739 2911 fiat
751 2850 909 2910 difficillime

66 2926 112 2986 dici
125 2929 236 3008 potest,
253 2925 367 2986 videtur
378 2929 434 2987 hoc
447 2929 505 2988 fieri
520 2931 557 2990 ob
571 2949 679 2990 meram
692 2929 908 3006 homogeneita·

67 3017 118 3066 tem
133 3009 206 3068 inter
220 3020 325 3065 omnes
340 3019 444 3080 partes,
459 3009 579 3088 &quod
585 3009 650 3068 hinc
656 3009 703 3067 ubi
710 3005 794 3066 semel
809 3025 908 3083 aurum

65 3081 321 3162 liquefactiones,
349 3085 425 3143 facit
444 3100 575 3166 poterunt
605 3085 746 3148 admisceri
769 3085 910 3162 particulae

65 3163 145 3242 ignis,
165 3182 237 3247 quae
251 3159 337 3240 aeque
351 3161 427 3226 sicle
439 3163 549 3306 possiunt
560 3163 672 3228 transire
679 3167 783 3235 aca'e'r,
803 3165 907 3253 &hoc

532 3264 553 3321 4
808 3255 912 3308 cuam,
