2120 3640
309 118 679 202 cuturn*
844 134 915 206 a&

64 233 211 294 didislimae
222 231 319 300 ealcisr
334 249 416 308 perge
429 232 600 294 attundendo
609 233 685 292 ‘aceti
699 233 820 308 spiritum
830 275 839 305 ‚
848 237 917 310 dm,

2 325 8 362 ·'
64 329 120 370 nec
141 314 215 381 nulla
233 307 349 384 amplius
367 311 549 387 praecipitatio
562 309 630 380 siat,
651 309 742 369 hocce
755 311 847 381 fatto,
868 313 901 370 li-

2 405 5 414 ·
64 403 138 464 quor
150 387 344 446 transmittatur
363 387 543 462 petillium,
563 386 716 446 remanebit
736 388 823 462 pultis
835 405 902 448 tan·

2 509 6 517 .
65 465 145 523 didus
159 464 273 530 solidus,
294 463 342 538 qui
362 461 457 536 saepius
469 463 591 522 abluatur
607 463 694 540 aqui,
707 464 799 522 donec
813 463 905 539 insipi-

1 563 4 598 :
65 541 117 600 dua
129 540 240 610 redeat,
251 539 393 600 habebitur
406 539 512 616 sulphur
524 539 611 600 fixum
625 533 775 603 autimouii
788 539 905 614 ‘suelte-¹

65 633 114 676 nu.
482 632 484 638 ’
564 665 565 668 ,
889 654 891 658 ψ

106 695 132 758 s.
152 710 180 751 2.
200 694 282 770 Aqua
297 710 362 752 cum
376 706 458 752 aceto
474 711 539 770 quae
552 693 673 755 transivit
692 711 740 770 per
752 693 853 756 filtrum
869 694 907 757 est

67 772 204 829 nobilium
228 772 360 830 virtutum
379 772 407 829 in
428 770 591 841 Medicinl,
609 773 648 832 esl
666 773 742 832 enim
761 773 910 832 edomues

56 849 182 906 morbos
199 861 295 921 acutos
318 848 443 921 praestans
463 851 646 918 remedium,
672 865 738 908 nam
760 850 908 910 conflate:

65 923 119 982 saie
132 923 305 996 polychreslo
316 923 423 982 stibiato
439 925 468 983 bt
480 925 571 1001 spiritu
586 928 656 986 aceti
671 927 766 996 unitis,
776 927 805 984 ur
817 923 912 984 fimilia

68 1000 107 1058 esi
122 1012 223 1058 tartaro
238 1014 401 1075 regenerato
420 1001 554 1060 Sennerti.
582 1003 652 1064 Calx
666 1015 760 1062 autem
777 1004 805 1061 in
820 1001 910 1061 fundo
1020 1044 1024 1051 ·

68 1075 131 1136 tiltri
143 1093 287 1136 remanens
301 1077 338 1135 est
351 1089 458 1136 tantum
472 1079 579 1154 sulphur
598 1081 764 1148 antimonii,
776 1077 848 1153 ptius
866 1079 910 1137 so·

67 1153 159 1212 lutum
173 1170 221 1228 per
238 1155 444 1222 nitrumpnunc
465 1151 534 1214 verb
551 1157 753 1235 praecipitrtunr
774 1173 822 1230 per
843 1171 909 1226 ace-¹

68 1241 146 1288 turn:
176 1245 242 1306 ergo
262 1231 360 1304 nullius
373 1232 502 1301 virtutis,
519 1235 662 1309 propinavi
684 1234 760 1292 enim
783 1233 857 1292 illam
873 1233 910 1294 ad

70 1322 202 1380 magnam
231 1308 341 1382 cupiant
364 1309 393 1369 lit
413 1325 559 1385 nunquam
583 1311 641 1366 vidi
662 1308 819 1377 effessum,
844 1311 911 1370 licet

68 1382 318 1444 Tacheniusillam
334 1385 449 1456 inpelle
469 1400 520 1452 pro
537 1383 650 1439 summo
670 1383 795 1438 habuerit
817 1399 910 1442 renue-

69 1459 127 1518 diu.
141 1459 215 1534 Ergo
229 1457 367 1534 processus
380 1458 425 1512 hic
437 1467 546 1512 tanturn
555 1457 667 1514 inservit
679 1460 913 1530 proerrperirnen-

69 1545 102 1594 to
117 1576 125 1600 ,
146 1547 177 1592 ut
190 1535 314 1592 videatur
327 1529 424 1604 quibus
439 1529 556 1602 partibus
570 1532 661 1608 liquor
672 1531 718 1590 ille
730 1532 843 1592 constat.
859 1535 910 1592 Er«

68 1629 108 1687 go
121 1607 249 1743 mlallessilla
266 1621 338 1682 aqua
348 1603 490 1680 abjicitur,
504 1609 681 1683 utbabeatur
693 1607 787 1670 saltem
798 1609 912 1688 iilepu13

69 1701 148 1748 visa
176 1699 184 1741 t
206 1701 286 1746 rmus·
976 1708 977 1717 ¹

71 1857 514 1938 puocus'sus
559 1831 911 1965 anneruu's

152 1989 195 2037 ¹'
306 2037 672 2140 QUARTUS.

47 2221 49 2228 ’
138 2324 141 2331 ¹
216 2213 377 2312 Butyrum
404 2213 546 2292 Gsaciale
577 2184 771 2310 Antimonii.
877 2319 878 2322 Ἴ

71 2405 100 2474 ς.
125 2407 458 2537 nACcipesublimati
473 2411 910 2484 conosnr·unctassedectrnmns

100 2535 102 2542 ,
229 2487 341 2546 timonii
360 2489 437 2548 crudi
456 2490 556 2568 optimi
579 2493 672 2548 uncias
687 2491 908 2568 quatuordecim.-

228 2561 378 2625 Prudeuter
396 2568 468 2640 priua
487 2565 596 2626 seorfim
618 2578 774 2628 conteratur
795 2569 910 2629 Mercu·

71 2635 127 2694 riur
146 2631 317 2718 sublimatur,
338 2643 441 2702 deinde
456 2659 570 2728 quoque
589 2641 700 2703 seorfim
719 2645 908 2703 antimonium
952 2679 958 2684 -

75 2714 106 2771 in
120 2707 253 2783 pollinem
263 2754 271 2779 .
280 2716 379 2777 deinde
391 2719 459 2778 verb
473 2723 500 2778 in
515 2726 649 2779 mortario
663 2723 753 2778 vitreo
761 2720 910 2792 prudenter

73 2790 105 2847 &
118 2790 245 2846 accurate
258 2793 373 2852 terendo
392 2797 576 2864 misceantur,
596 2795 723 2854 cavendo
741 2811 777 2851 ne
790 2796 818 2852 in
831 2811 911 2858 naret

72 2865 120 2922 vel
137 2879 168 2920 os
182 2864 279 2925 intret:
300 2869 337 2927 est
357 2874 432 2930 enim
450 2871 771 2931 Mercuriussublimatus
788 2885 911 2931 venena*

73 2952 127 2999 tus.
155 2938 301 3002 incalescet
320 2959 390 3006 tune
407 2948 518 3022 pulvis,
539 2950 587 3023 qui
607 2947 672 3007 dein
690 2948 778 3006 statim
801 2947 911 3010 indatur

72 3028 189 3076 retortae
208 3021 304 3081 vitreae
316 3021 405 3085 breuis
425 3035 510 3100 atque
522 3023 568 3082 lati
584 3023 669 3092 colli,
688 3035 720 3083 ut
732 3039 764 3081 or
781 3025 911 3099 apertiffi-
1030 3051 1033 3057 ·

74 3109 158 3154 mum
169 3091 222 3174 st.
241 3097 341 3162 namsi
359 3099 433 3184 sorte
451 3099 583 3182 butyrum
595 3099 711 3187 erasum
724 3114 790 3163 cum
803 3102 917 3238 impffg·
975 3141 978 3145 -
