2048 3638
283 165 743 229 G⁸HEM1AEl
873 191 926 252 ²77

81 287 141 352 que
173 270 238 332 ltaec
261 269 398 329 Saturatio
421 267 481 328 salit
511 285 560 345 per
590 270 745 345 proprium
762 272 891 349 spirirum

125 361 150 424 ς.
170 367 199 408 2.
221 351 307 427 Cujus
323 347 384 408 ulus
400 347 524 423 egregiut
540 344 577 404 est
592 349 621 406 irr
636 349 738 410 morbis
752 352 797 411 vel
810 352 930 417 febribus

77 425 260 496 euronotus,
282 427 329 487 ubi
344 425 407 504 quis
421 423 547 486 maximi
560 423 604 484 firi
616 426 738 500 laborat,
764 429 836 490 srtirn‘
851 435 927 496 enim

74 509 220 582 extinguit
236 545 246 576 ,
276 505 461 584 ardoremque
477 504 549 564 tollit
565 541 575 572 ,
604 501 735 583 siparum
752 511 810 586 ejus
824 509 928 586 linguae

75 587 178 648 saltem
195 587 365 662 imponatur.
715 623 720 628 -
819 613 851 652 χ

117 669 148 733 §.
165 680 191 742 3.
214 664 328 723 lnservir
351 661 398 722 hic
421 661 557 740 processus
577 679 629 739 pro
645 667 927 742 experimentorum

25 785 27 790 -
75 741 253 818 conrpofitos
268 741 402 802 reddendi
421 739 535 812 aridos,
553 742 632 821 quod
645 743 721 807 idem
738 762 837 808 uerunt
853 747 927 808 ellin

74 825 133 887 sale
148 822 275 893 marino,
286 831 391 881 tartaro
405 820 461 883 &o
732 833 734 842 ’

1 1098 2 1105 ‘
132 1089 494 1176 nn'ocussus
520 1063 874 1183 ‘nncrrrus

334 1307 659 1408 Qunnnuu
732 1356 737 1366 -

161 1519 237 1602 Sal
253 1513 378 1601 Nitri
392 1485 605 1643 Mirabilis
622 1511 843 1608 Glawberi.

74 1797 105 1863 ς.
125 1807 151 1851 r.
162 1787 219 1892 Sal
242 1789 291 1866 qui
307 1781 367 1864 post
390 1779 604 1844 destillationem
629 1770 733 1861 spiritus
748 1786 811 1848 nitri
828 1786 923 1850 Glaw·

193 1865 250 1927 beri
263 1866 292 1928 in
306 1862 395 1926 fundo
413 1873 526 1932 manet,
543 1861 688 1924 albiffimus
705 1863 759 1937 est,
785 1879 868 1945 arque
881 1859 926 1929 si-·
1021 1868 1023 1884 ”

74 1945 154 2027 poris
179 1945 286 2007 circiter
308 1945 401 2005 tartari
423 1941 578 2011 viniolati„
603 1942 743 2003 violenter
758 1945 875 2017 acidum
902 1946 924 2007 st

71 2041 152 2103 aqua
167 2023 252 2086 calida
268 2024 308 2086 illi
320 2021 471 2083 'affirnditur
486 2062 495 2091 ,
512 2021 613 2080 iterum
627 2021 740 2084 solvitur
756 2065 765 2094 ,
789 2041 874 2104 atque
888 2026 926 2086 acl

71 2103 234 2242 pellictlrlam
259 2101 439 2182 evaporando
463 2101 635 2160 convenitur
664 2100 694 2159 in
714 2099 798 2162 salem
828 2107 923 2168 tartari
962 2157 964 2164 .

71 2184 258 2245 vrtrioatum.
492 2198 494 2203 ·
641 2191 644 2200 ’

114 2266 140 2330 r.
156 2281 185 2322 2.
221 2264 250 2326 Si
264 2280 333 2324 vero
347 2258 490 2322 destillatio
510 2256 708 2348 lrujucspninu
722 2263 923 2326 tantummodo
1004 2287 1006 2292 ·

1 2393 13 2416 N
71 2344 145 2403 levis
160 2342 207 2413 fit,
228 2347 267 2403 itt
282 2359 380 2403 tamen
393 2350 424 2400 ut
439 2355 532 2398 omnrs
548 2335 654 2412 spiritus
668 2337 801 2402 educatur
817 2382 827 2413 ,
853 2355 922 2406 turre

70 2421 165 2483 salin
188 2423 279 2484 fundo
300 2435 449 2483 remanens
472 2415 629 2477 mirabilem
650 2417 742 2480 induit
766 2433 922 2496 natumm3

71 2511 143 2562 nant
159 2500 228 2562 vasrs
244 2502 354 2580 amplis,
361 2500 390 2560 in
407 2498 502 2578 quiete
520 2538 529 2567 ,
547 2495 624 2578 ¹loco
639 2496 733 2574 ¹paulo
755 2499 922 2580 frigidiore,

71 2591 235 2653 contentus,
257 2580 431 2658 insuperiore
446 2569 587 2654 superficie
608 2576 684 2656 quali
699 2583 823 2656 vegetari
838 2581 923 2644 instar

72 2671 153 2718 terre
169 2659 262 2718 fertilis
277 2658 402 2730 videtur,
420 2657 449 2716 irr
464 2672 583 2718 omnem
597 2656 656 2716 fere
665 2657 819 2719 mirabilem
835 2678 922 2738 vege·

69 2738 195 2797 cantium
211 2737 359 2814 speciem,
380 2755 446 2816 quae
463 2733 576 2812 crystalli
590 2734 626 2794 ad
642 2737 780 2813 majorem
797 2737 920 2802 calorem

70 2815 204 2892 delapsae.
226 2818 255 2876 in
272 2817 374 2892 frigore
390 2833 459 2876 mox
472 2813 500 2872 le
519 2814 622 2872 iterum
632 2815 764 2889 erigunt,
790 2817 821 2876 ἃ
834 2817 922 2881 rursus
975 2839 983 2846 ·

68 2907 206 2971 vegetare
222 2893 361 2964 uidentur.
425 2909 433 2916 “

112 2977 137 3040 §.
154 2991 180 3052 3.
207 2973 235 3034 si
250 2973 297 3033 hic
310 2973 346 3033 fal
369 2976 472 3034 iterum
487 2970 645 3049 iterumque
666 2968 741 3048 aqui
754 2969 864 3048 pluuiali
878 2977 923 3038 di.

65 3053 174 3123 luitur,
198 3051 331 3122 limatur,
349 3051 384 3112 ad
397 3050 553 3129 pelliculam
571 3047 748 3126 inspiffatur,
769 3051 800 3110 δι
814 3052 843 3112 in
860 3072 922 3134 cry·

52 3130 162 3194 -stallos
185 3130 361 3204 concrescit,
389 3129 509 3190 eandem
532 3127 649 3206 figuram
673 3129 816 3206 acquirit,
846 3133 929 3205 &fit

66 3209 180 3300 semper
193 3210 293 3290 purior.
319 3207 418 3288 Figura
430 3209 529 3346 harugr
553 3205 739 3287 crystallorum
763 3226 825 3299 non
838 3211 923 3271 refert

534 3301 551 3364 3
796 3300 921 3358 mltumr
