2108 3684
107 146 109 174 ¹
171 178 233 262 t92-
278 171 340 251 on
362 171 727 246 rmsrnumrrtrrs
750 171 970 244 crrenmns

169 277 238 342 fiant
257 275 339 336 fluida
359 287 469 344 tantum
489 281 626 358 majorem
646 279 757 356 copiam
780 277 854 352 Ignis
875 277 1035 337 contines

171 357 283 417 debent.
304 356 407 418 docent
420 359 637 438 thennoscopia,
657 361 713 418 hoc
726 374 826 417 verum
843 354 890 423 est,
909 357 946 416 in
974 373 1035 416 orn

170 437 250 496 nibus
262 436 423 496 animalibus
437 439 673 515 &vegetabilibus
688 439 718 496 &
731 437 760 494 In
772 435 910 498 omnibus
933 434 1035 512 liquo

170 513 243 574 ribus
264 517 318 576 &c:
346 516 422 590 Ergo
443 517 516 592 Ignis
535 525 679 595 nunqurm
695 515 824 594 quiescit,
841 513 891 572 sed
916 511 1035 595 sempe

172 611 305 657 movetur
325 595 354 654 in
376 595 505 654 omnibus
525 587 575 658 suis
597 596 723 672 parribus.
742 593 776 652 fit
791 593 837 653 hle
848 609 926 650 urna
949 593 1035 668 plen

172 671 247 750 aqus
261 671 387 749 proximi
406 675 635 748 conglaciationi,
657 674 688 732 srt
702 673 818 744 alterum
840 689 891 730 vas
907 670 1035 746 plenum

171 750 258 828 glacie
276 752 321 812 vel
348 769 406 810 uno
424 751 510 827 gradu
532 755 645 829 propior
666 750 897 828 conglaciationi‚
918 751 1035 826 applic:

172 830 404 892 thermometrum
425 831 550 907 utrique,
570 831 660 890 statim
675 831 779 890 videbis
800 827 947 888 minorem
974 827 1035 887 effe

172 907 295 967 calorem
317 909 346 968 in
368 906 527 984 hscquam
549 911 579 972 in
601 907 662 979 illl,
682 908 790 970 finunc
803 908 886 966 habes
900 905 1035 982 glaciem

172 987 358 1048 commixtam
373 1004 438 1046 cum
447 987 509 1046 Sale
517 989 650 1048 Gemmas
658 987 749 1048 adhuc
760 986 845 1064 longb
858 983 995 1061 frigidior
1007 1005 1035 1044 e·

54 1099 57 1105 ·
172 1065 222 1132 rit,
242 1063 291 1124 sed*
303 1083 413 1142 appone
426 1067 663 1144 thermoscopium
679 1086 761 1145 aquae
781 1067 872 1126 mmus
894 1064 1035 1140 ffigidae,

44 1219 46 1224 ,
170 1141 260 1204 statim
279 1143 306 1202 se
325 1143 416 1222 liquor
435 1145 588 1221 expandet,
607 1165 643 1215 an
662 1165 722 1206 non
741 1163 817 1222 ergo,
829 1143 904 1219 Ignis
919 1158 1035 1206 movet

172 1223 432 1299 aquamfrigidam,
453 1225 518 1284 licet
529 1244 589 1285 non
604 1225 675 1291 adeb
687 1225 834 1302 frigidam,
853 1239 887 1285 ac
904 1220 945 1280 est
967 1224 1035 1298 gla-

79 1329 82 1333 ·
173 1300 244 1369 cies,
262 1319 327 1360 cum
340 1302 397 1378 lroc
410 1303 556 1373 verumfit
569 1305 604 1374 de
618 1305 698 1365 omni
710 1303 796 1381 gradu
817 1299 1035 1372 adscendente,

174 1395 241 1454 ergo
262 1381 354 1442 omnis
369 1381 441 1458 Ignis
453 1396 553 1444 movet
565 1385 668 1462 ubique
682 1384 778 1444 omnia
799 1397 933 1456 corpora,
956 1399 1035 1456 quae

173 1457 303 1518 videntur
316 1459 470 1538 quiescere,
491 1465 522 1522 &
538 1481 598 1526 non
611 1466 702 1533 aliter,
719 1472 855 1540 quantum
874 1460 1035 1533 cognosci-

176 1553 248 1600 mus.

215 1617 305 1692 Quod
316 1635 391 1678 nunc
404 1619 477 1695 Ignis
490 1621 523 1681 srt
536 1623 710 1692 summopere
724 1613 831 1674 mobflis
845 1612 1035 1678 demonstra.

174 1694 198 1754 ri
218 1697 307 1772 potest
326 1700 518 1774 experimento
537 1696 742 1764 Roemcriano,
759 1693 807 1771 qui
829 1689 1032 1768 demonstrat,

175 1776 254 1852 quod
275 1775 428 1855 {liucipiat
450 1778 557 1846 moveri
577 1775 666 1835 radius
684 1774 751 1834 lucis
769 1789 786 1830 a
806 1769 869 1858 Sole
881 1770 939 1830 hoc
956 1791 1032 1834 mo-

176 1867 292 1925 mento,
311 1855 389 1932 quod
407 1867 475 1916 tunc
495 1857 538 1924 Ille
557 1855 649 1914 radius
661 1853 721 1929 post
736 1850 804 1911 octo
817 1861 923 1908 minuta
936 1851 967 1911 id
984 1855 1032 1914 est

177 1935 212 2009 τὲ
224 1946 312 2008 partes
331 1935 409 1992 borae
430 1935 565 1994 deseratur
578 1952 594 1991 a
607 1933 671 1991 Sole
685 1933 721 1992 ad
732 1943 848 1999 terram,
866 1925 887 1984 fi
900 1927 958 1988 hoc
971 1951 1030 1991 ve-

176 2031 240 2072 rum
255 2011 307 2082 est,
327 2024 396 2071 tunc
406 2011 491 2088 spatio
505 2013 590 2088 unius¹
598 2011 698 2074 minuti
721 2009 834 2084 secundi
853 2007 950 2083 trajicit
969 2011 1027 2070 de-

178 2089 326 2167 cempedas
341 2091 466 2167 (roeden)
482 2105 610 2150 centenas
626 2087 717 2148 decies
731 2086 807 2146 mille
835 2101 966 2145 roooooo
991 2090 1024 2150 id

179 2171 245 2230 estr
270 2165 369 2228 ooooo
389 2171 467 2229 citius
480 2189 566 2248 quam
585 2168 681 2244 globus
702 2184 737 2224 ex
756 2177 898 2224 tormento
917 2164 1022 2228 bellico

178 2187 306 2317 emissus,
326 2245 372 2306 sed
385 2247 420 2306 de
434 2250 490 2308 hoc
513 2266 572 2307 uno
593 2247 784 2323 expenmento
802 2261 861 2326 non
878 2239 1023 2318 posumus

178 2325 346 2403 procedere,
363 2327 428 2403 quia
442 2327 538 2386 salsum
553 2325 589 2384 cll
601 2337 740 2400 repertum
752 2323 833 2398 juxta
854 2321 1020 2384 observatio-

168 2422 227 2471 nes
242 2405 342 2472 Caffini
355 2406 385 2469 δι
398 2405 518 2480 Moraldi
532 2404 783 2464 Astronornorum:
803 2411 835 2459 ut
855 2417 905 2478 ego
918 2413 1021 2475 putem

179 2484 251 2542 hanc
289 2502 349 2544 rem
387 2481 514 2544 nondum
540 2479 628 2558 ¹posse
660 2482 768 2557 penitus
802 2478 952 2539 confirmari
987 2485 1021 2544 &

181 2563 326 2622 consentiri
338 2567 362 2634 ,¹
374 2562 404 2618 in
430 2559 484 2618 uns
503 2559 612 2630 Planeti
628 2559 726 2637 joviali
745 2558 956 2628 demonstratum
978 2563 1020 2623 est

181 2639 337 2710 clarissime,
352 2629 438 2697 sedin
451 2638 507 2698 aliis
519 2645 578 2698 non
589 2640 674 2708 item,
694 2636 725 2698 δι’
735 2637 801 2701 licet
808 2637 910 2713 semper
916 2655 1017 2703 verum

180 2717 216 2858 fig
226 2721 255 2778 in
267 2719 312 2778 ills
324 2713 448 2794 planetd,
467 2715 496 2774 in
509 2719 618 2798 reliquis
630 2731 727 2779 tamen
738 2735 798 2776 non
808 2716 910 2792 semper
926 2721 1017 2792 potest

181 2797 296 2858 amitti.

219 2877 293 2951 Ergo
308 2873 380 2950 Ignis
395 2872 432 2932 est
446 2885 542 2934 motor
553 2875 723 2946 universalis,
744 2873 793 2955 qui
807 2872 1014 2939 nulloabmento

19 2959 21 2982 l
80 2956 84 2962 “
182 2967 264 3032 eget,
283 2963 314 3014 ut
334 2951 401 3012 sallb
420 2953 577 3030 Philosophi
589 2967 779 3033 putaverunt,
809 2954 858 3030 qui
876 2970 1012 3034 nunquam

182 3045 319 3092 recreatur
332 3050 385 3090 nec
399 3031 582 3107 resuscitatur,
601 3035 647 3094 sel
659 3033 774 3112 quidem
790 3032 937 3092 manifestus
950 3036 1012 3096 red-

19 3149 22 3168 .
172 3107 262 3170 ,ditur
286 3111 351 3170 hinc
367 3110 439 3188 Ignis
455 3131 515 3172 non
531 3115 596 3174 facit
609 3114 776 3173 mutationes
789 3129 825 3170 co
858 3112 1011 3174 ommina·

20 3223 21 3232 η
139 3285 142 3292 Ι
179 3185 228 3248 iias
245 3185 415 3291 substantias,
432 3203 464 3256 ut
484 3191 579 3258 Clarus
603 3193 761 3258 Newtouus
780 3128 891 3272 quidm
908 3194 1011 3334 pungis

191 3311 200 3328 r
977 3291 993 3335 e
