2108 3684
147 223 218 314 13⁶³
374 219 749 297 ortonam
1035 309 1038 316 p,

148 319 229 384 salem
243 322 379 382 marinum
387 367 396 396 ,
404 341 479 401 pone
491 325 520 383 irr
533 319 634 384 retorti
645 321 757 390 loricata
770 321 874 396 vitrei,
899 328 962 388 vel
981 327 1018 393 in

145 399 373 473 retorti'tcrred,
400 420 510 491 expone
531 403 586 480 igni
606 403 792 492 valid0,·non
811 401 878 464 fluet
901 405 951 464 sal
978 408 1019 470 δε

147 481 589 648 'irresroffrremdlenddegxzadlaalil'dgmsffd
600 480 1032 635 ῐέἓπῖἓῗιιῄίῑεῖχῗῑιέηῃίἶῗισ

148 635 214 696 dem
234 653 327 713 rgnem
347 638 458 714 tnplum
478 651 576 708 terrae,
595 637 682 697 statim
702 638 738 697 sal
757 651 831 698 totus
845 639 951 698 tranfit
972 641 1008 700 in

145 715 268 792 spiritum
280 715 401 776 &salem
415 716 555 776 volatilem
570 717 599 776 ὃ(
613 717 707 775 exilio
721 730 821 780 terram
840 717 1011 782 calcitrabi-

146 795 204 854 lem
217 793 351 870 produces
364 795 392 854 in
406 795 490 871 igne..
503 795 579 870 Ergo
591 793 627 854 sal
639 795 746 866 tartari,
762 794 863 871 pofitus
874 795 904 853 in
923 814 1008 856 cru-

148 871 258 943 cibulo,
276 871 368 932 donec
380 871 463 945 fluat,
480 885 592 942 manet,
611 872 656 932 sed
669 871 689 931 fi
702 874 813 950 triplum
828 873 931 932 Terrae
940 873 1007 938 ad·

148 950 246 1012 dideris
258 964 318 1012 tota
331 951 418 1011 finitas
437 951 558 1024 tollitur,
579 953 609 1010 δι
625 951 713 1011 Terra
728 970 793 1012 cum
807 953 858 1012 sale
876 952 940 1012 abit
968 952 1006 1014 in

148 1031 252 1090 vitrum
264 1031 352 1091 vellit
364 1031 401 1090 sal
413 1030 538 1090 volatilis.
576 1029 653 1108 Ergo
665 1031 755 1090 Terra
769 1031 816 1091 dat
828 1031 1005 1091 maximum

149 1111 362 1185 experimentale
374 1109 589 1174 fundamentum
604 1108 772 1170 chemicum

186 1205 214 1248 2.
233 1189 321 1248 Terra
338 1189 401 1247 haec
413 1187 556 1246 adhibetur
567 1187 698 1265 imprimis
711 1186 872 1264 deputandis
889 1185 1006 1248 salibus

148 1267 179 1325 &
191 1266 320 1344 spiriolus
333 1265 367 1325 ab
380 1266 445 1328 oleis
458 1283 486 1324 v:
500 1283 527 1342 g:
540 1263 615 1325 sume
629 1267 685 1325 salis
698 1283 785 1325 cornu
799 1269 871 1326 cervi
878 1266 1004 1338 libram,

147 1344 220 1405 adde
239 1345 316 1407 libras
334 1356 405 1414 tres,
432 1343 478 1403 vel
497 1357 616 1422 quatuor
634 1356 733 1414 cretae,
753 1345 808 1403 boli
824 1388 833 1418 ,
852 1345 900 1403 vel
918 1347 1006 1405 alte·

148 1423 203 1482 rius
221 1423 320 1483 Terrae
339 1421 478 1500 infipidae,
496 1435 558 1482 tum
577 1421 663 1482 statim
682 1433 774 1480 totum
789 1423 886 1482 oleum
899 1423 1005 1483 resor-

148 1501 227 1561 betur
240 1502 270 1560 in
283 1502 401 1562 Terram
417 1503 447 1565 ἃ
460 1501 496 1561 sal
509 1499 638 1561 candidus
651 1498 742 1559 evadit
756 1501 786 1558 ὃ(
797 1501 1003 1584 purus,quod

149 1579 187 1639 est
207 1581 278 1640 inter
298 1581 425 1658 primaria
444 1598 541 1640 arcana
561 1579 705 1648 Chemiae,
722 1577 843 1656 separare
864 1579 934 1638 sales
961 1581 1005 1639 ab

146 1659 215 1751 oleis
222 1661 282 1800 „dfic
301 1677 359 1739 quo
381 1660 518 1748 majorem
538 1669 642 1736 partem
664 1656 762 1717 Terrae
780 1655 871 1727 addis,
892 1655 932 1716 ed
958 1657 1004 1720 sal

150 1756 245 1817 ponor
277 1752 296 1802 t.

188 1836 214 1897 3.
233 1820 322 1882 Terra
336 1819 428 1880 multis
439 1818 597 1895 corporibus
608 1816 734 1898 permista
747 1814 915 1896 mutationes
931 1816 1000 1874 for·

150 1907 180 1955 te
199 1897 387 1974 contingentes
407 1897 517 1958 inhibet.
558 1897 602 1955 Sic
615 1896 643 1954 'fi
665 1915 693 1954 v:
707 1915 733 1973 g:
751 1913 785 1953 ex
800 1892 915 1952 materid
928 1912 998 1952 non

150 1973 294 2033 destillabili
306 1973 490 2034 'destinabflem
505 1973 619 2034 reddere
634 1975 728 2050 cupis,
746 1991 804 2032 non
818 1973 923 2048 poteris
940 1969 997 2031 nisr

151 2051 323 2111 admiscueris
335 2051 453 2110 Terram
463 2088 472 2118 ‚
481 2049 517 2112 stc
532 2050 552 2109 fi
569 2051 623 2110 mel
636 2051 681 2109 vel
694 2067 786 2110 ceram
800 2049 931 2110 destillare
948 2051 995 2108 vis

152 2128 308 2208 simpliciter
320 2149 368 2208 per
380 2130 492 2206 ignem,
512 2147 570 2188 non
584 2129 702 2206 poteris,
719 2129 783 2204 quia
796 2127 886 2186 statim
899 2141 996 2188 mate·

151 2209 202 2268 ries
223 2210 317 2272 ebullit
336 2211 366 2268 &
387 2207 416 2267 in
434 2209 541 2286 spumas
561 2207 616 2266 abit
637 2205 674 2264 ob
695 2203 769 2264 suam
789 2207 993 2280 tenacitatem,

150 2287 216 2346 hinc
229 2287 287 2346 fere
299 2287 477 2356 transcendit,
496 2299 527 2345 ut
539 2302 601 2344 cera
613 2284 642 2342 in
657 2299 704 2342 vas
716 2283 847 2358 recipiens
854 2305 863 2352 ;
884 2283 905 2343 fi
920 2303 994 2344 vero

151 2363 281 2430 admisces
293 2367 411 2444 ‚triplum
431 2366 478 2426 vel
488 2361 668 2442 quadruplum
692 2361 808 2430 Terrae,
827 2362 890 2421 haec
907 2363 996 2422 ilatu-

150 2443 225 2502 lerrta
246 2445 370 2503 materiae
390 2441 519 2522 expanfio
540 2439 715 2518 prohibetur,
733 2439 763 2498 dt
780 2437 811 2499 fit
825 2440 994 2508 destillatio.

56 2577 60 2590 „
151 2521 229 2596 cujus
249 2521 287 2580 rei
307 2523 442 2598 ignoratio
461 2515 578 2596 pericula
591 2515 662 2592 saepe
676 2535 775 2596 magna
790 2517 899 2594 paritio
913 2519 996 2579 Che-

152 2596 224 2657 mid:
256 2597 300 2657 Sie
317 2597 337 2657 sr
357 2599 546 2676 Phosphorum
567 2596 718 2666 producere
737 2597 820 2656 velim
841 2615 876 2656 ex
894 2597 993 2668 urind,

152 2673 260 2737 neceile
281 2675 318 2742 est
336 2690 368 2742 ut
386 2677 430 2740 illa
448 2675 483 2735 ad
503 2675 589 2734 mellis
609 2674 809 2734 consrstentiam
822 2673 993 2751 inspissetur,

154 2759 185 2816 &
204 2753 224 2814 sr
242 2751 372 2832 inipiilata
391 2755 444 2825 est,
463 2767 522 2816 tota
538 2753 662 2812 materies
675 2755 744 2813 inter
757 2753 945 2814 destillandum
962 2756 990 2813 in

153 2837 261 2913 spumas
273 2833 417 2904 attollitur,
438 2835 467 2893 &
479 2833 552 2893 nulla
565 2831 705 2892 destillatio
730 2829 793 2899 fiet;
813 2831 833 2892 sr
854 2850 923 2892 vero
935 2847 992 2894 tres

153 2927 243 2992 partes
257 2915 354 2972 Terrae
367 2913 563 2981 admiscentur,
583 2909 722 2971 destillatio
736 2910 843 2988 optime
853 2913 991 2986 procedit,

156 3005 188 3053 ut
202 2992 314 3053 tandem
328 2992 500 3068 Phosphorus
512 2989 694 3067 producatur;
714 3007 807 3067 neque
816 2989 922 3066 ¹sanguis
935 2991 989 3052 hu·

156 3089 255 3129 marrus
268 3071 334 3129 solvi
347 3072 447 3148 poterit
460 3065 618 3135 smeTerrd
631 3067 757 3131 admixti.
824 3111 828 3117 -
955 3141 958 3148 1

72 3186 76 3192 -
197 3149 270 3206 Haec
283 3149 370 3209 Terra
382 3167 440 3211 non
455 3149 597 3218 carrena,
617 3145 679 3208 haec
692 3147 766 3206 enim
785 3143 990 3222 habetCryiial-

154 3225 312 3295 roa-Tene
324 3245 473 3304 normam
486 3242 569 3290 arena
581 3228 670 3308 potest
683 3225 841 3295 vinescere,
853 3239 926 3285 terra
934 3227 989 3292 vix,

924 3322 989 3370 nam
