<?xml version="1.0" encoding="UTF-8"?>
<!DOCTYPE html PUBLIC "-//W3C//DTD XHTML 1.0 Transitional//EN"
    "http://www.w3.org/TR/xhtml1/DTD/xhtml1-transitional.dtd">
<html xmlns="http://www.w3.org/1999/xhtml" xml:lang="en" lang="en">
 <head>
  <title>
</title>
<meta http-equiv="Content-Type" content="text/html;charset=utf-8" />
  <meta name='ocr-system' content='tesseract 3.04.00' />
  <meta name='ocr-capabilities' content='ocr_page ocr_carea ocr_par ocr_line ocrx_word'/>
</head>
<body>
  <div class='ocr_page' id='page_1' title='image "./hermanniboerhaa01boergoog_0193.png"; bbox 0 0 2068 3676; ppageno 0'>
   <div class='ocr_carea' id='block_1_1' title="bbox 31 161 1002 1459">
    <p class='ocr_par' dir='ltr' id='par_1_1' title="bbox 278 161 1002 264">
     <span class='ocr_line' id='line_1_1' title="bbox 278 161 1002 264; baseline -0.003 -30"><span class='ocrx_word' id='word_1_1' title='bbox 278 165 359 238; x_wconf 81' lang='grc' dir='ltr'>ιιι</span> <span class='ocrx_word' id='word_1_2' title='bbox 403 161 666 232; x_wconf 73' lang='lat' dir='ltr'>sonoro.</span> <span class='ocrx_word' id='word_1_3' title='bbox 838 169 901 264; x_wconf 61' lang='grc' dir='ltr'>,ις</span> <span class='ocrx_word' id='word_1_4' title='bbox 995 237 1002 250; x_wconf 61' lang='grc'><strong>,</strong></span> 
     </span>
    </p>

    <p class='ocr_par' dir='ltr' id='par_1_2' title="bbox 63 269 971 358">
     <span class='ocr_line' id='line_1_2' title="bbox 63 269 971 358; baseline -0.002 -21"><span class='ocrx_word' id='word_1_5' title='bbox 63 273 290 346; x_wconf 77' lang='lat' dir='ltr'>‚dimirabiie</span> <span class='ocrx_word' id='word_1_6' title='bbox 305 269 766 348; x_wconf 79' lang='lat' dir='ltr'>experimentum,sumitevirgam</span> <span class='ocrx_word' id='word_1_7' title='bbox 774 273 904 358; x_wconf 75' lang='lat' dir='ltr'>ferream,</span> <span class='ocrx_word' id='word_1_8' title='bbox 967 321 971 334; x_wconf 92' lang='lat'><strong>.</strong></span> 
     </span>
    </p>

    <p class='ocr_par' dir='ltr' id='par_1_3' title="bbox 81 349 905 439">
     <span class='ocr_line' id='line_1_3' title="bbox 81 349 905 439; baseline 0.002 -25"><span class='ocrx_word' id='word_1_9' title='bbox 81 357 112 414; x_wconf 81' lang='lat' dir='ltr'>ni</span> <span class='ocrx_word' id='word_1_10' title='bbox 123 375 196 416; x_wconf 86' lang='lat' dir='ltr'>acus</span> <span class='ocrx_word' id='word_1_11' title='bbox 212 353 383 429; x_wconf 73' lang='lat' dir='ltr'><strong>magnetis,</strong></span> <span class='ocrx_word' id='word_1_12' title='bbox 402 349 500 426; x_wconf 88' lang='lat' dir='ltr'><strong>ponite</strong></span> <span class='ocrx_word' id='word_1_13' title='bbox 513 350 543 408; x_wconf 91' lang='lat' dir='ltr'>in</span> <span class='ocrx_word' id='word_1_14' title='bbox 557 366 616 437; x_wconf 82' lang='lat' dir='ltr'>uno</span> <span class='ocrx_word' id='word_1_15' title='bbox 628 350 733 439; x_wconf 72' lang='lat' dir='ltr'>pundo</span> <span class='ocrx_word' id='word_1_16' title='bbox 752 351 905 438; x_wconf 62' lang='lat' dir='ltr'>obstaculi,</span> 
     </span>
    </p>

    <p class='ocr_par' dir='ltr' id='par_1_4' title="bbox 45 428 902 826">
     <span class='ocr_line' id='line_1_4' title="bbox 69 428 901 505; baseline 0 -13"><span class='ocrx_word' id='word_1_17' title='bbox 69 437 127 495; x_wconf 84' lang='lat' dir='ltr'>nite</span> <span class='ocrx_word' id='word_1_18' title='bbox 151 437 272 494; x_wconf 86' lang='lat' dir='ltr'>vitrum</span> <span class='ocrx_word' id='word_1_19' title='bbox 304 428 458 489; x_wconf 87' lang='lat' dir='ltr'>causticum</span> <span class='ocrx_word' id='word_1_20' title='bbox 482 429 512 486; x_wconf 73' lang='grc' dir='ltr'>ὃ(</span> <span class='ocrx_word' id='word_1_21' title='bbox 531 438 628 504; x_wconf 88' lang='lat' dir='ltr'>pomte</span> <span class='ocrx_word' id='word_1_22' title='bbox 647 446 676 488; x_wconf 87' lang='lat' dir='ltr'>m</span> <span class='ocrx_word' id='word_1_23' title='bbox 695 431 786 505; x_wconf 77' lang='lat' dir='ltr'>foco,</span> <span class='ocrx_word' id='word_1_24' title='bbox 810 438 901 504; x_wconf 73' lang='lat' dir='ltr'>statim</span> 
     </span>
     <span class='ocr_line' id='line_1_5' title="bbox 57 505 901 599; baseline 0.013 -37"><span class='ocrx_word' id='word_1_25' title='bbox 57 527 135 575; x_wconf 69' lang='lat' dir='ltr'>vrtur</span> <span class='ocrx_word' id='word_1_26' title='bbox 154 517 191 574; x_wconf 68' lang='grc' dir='ltr'>ὃ(</span> <span class='ocrx_word' id='word_1_27' title='bbox 214 509 300 570; x_wconf 91' lang='lat' dir='ltr'>cadit</span> <span class='ocrx_word' id='word_1_28' title='bbox 327 505 437 567; x_wconf 80' lang='lat' dir='ltr'>summi</span> <span class='ocrx_word' id='word_1_29' title='bbox 456 507 485 564; x_wconf 88' lang='lat' dir='ltr'>vi</span> <span class='ocrx_word' id='word_1_30' title='bbox 504 507 534 564; x_wconf 81' lang='lat' dir='ltr'>dc</span> <span class='ocrx_word' id='word_1_31' title='bbox 553 507 662 581; x_wconf 88' lang='lat' dir='ltr'>impetu</span> <span class='ocrx_word' id='word_1_32' title='bbox 680 509 807 584; x_wconf 80' lang='lat' dir='ltr'>sermm,</span> <span class='ocrx_word' id='word_1_33' title='bbox 834 538 901 599; x_wconf 75' lang='lat' dir='ltr'>ergo</span> 
     </span>
     <span class='ocr_line' id='line_1_6' title="bbox 45 581 901 672; baseline 0.001 -22"><span class='ocrx_word' id='word_1_34' title='bbox 45 614 79 659; x_wconf 58' lang='lat' dir='ltr'>rr·</span> <span class='ocrx_word' id='word_1_35' title='bbox 116 595 181 672; x_wconf 88' lang='lat' dir='ltr'>agit</span> <span class='ocrx_word' id='word_1_36' title='bbox 195 587 394 651; x_wconf 88' lang='lat' dir='ltr'>concuffione</span> <span class='ocrx_word' id='word_1_37' title='bbox 409 581 529 664; x_wconf 81' lang='lat' dir='ltr'>quidam</span> <span class='ocrx_word' id='word_1_38' title='bbox 544 597 575 643; x_wconf 89' lang='lat' dir='ltr'>ut</span> <span class='ocrx_word' id='word_1_39' title='bbox 589 601 688 646; x_wconf 85' lang='lat' dir='ltr'>verum</span> <span class='ocrx_word' id='word_1_40' title='bbox 703 605 810 666; x_wconf 83' lang='lat' dir='ltr'>corpus.</span> <span class='ocrx_word' id='word_1_41' title='bbox 825 599 901 662; x_wconf 69' lang='lat' dir='ltr'>Nam</span> 
     </span>
     <span class='ocr_line' id='line_1_7' title="bbox 46 661 902 754; baseline 0.005 -27"><span class='ocrx_word' id='word_1_42' title='bbox 46 673 118 744; x_wconf 73' lang='lat' dir='ltr'>preti</span> <span class='ocrx_word' id='word_1_43' title='bbox 131 674 199 750; x_wconf 89' lang='lat' dir='ltr'>plus</span> <span class='ocrx_word' id='word_1_44' title='bbox 214 667 321 728; x_wconf 87' lang='lat' dir='ltr'>haberi</span> <span class='ocrx_word' id='word_1_45' title='bbox 335 667 366 724; x_wconf 88' lang='lat' dir='ltr'>in</span> <span class='ocrx_word' id='word_1_46' title='bbox 380 683 438 725; x_wconf 82' lang='lat' dir='ltr'>uno</span> <span class='ocrx_word' id='word_1_47' title='bbox 452 681 537 744; x_wconf 88' lang='lat' dir='ltr'>quam</span> <span class='ocrx_word' id='word_1_48' title='bbox 552 661 585 724; x_wconf 85' lang='lat' dir='ltr'>id</span> <span class='ocrx_word' id='word_1_49' title='bbox 601 664 657 726; x_wconf 84' lang='lat' dir='ltr'>alio</span> <span class='ocrx_word' id='word_1_50' title='bbox 675 667 759 739; x_wconf 92' lang='lat' dir='ltr'>ioco,</span> <span class='ocrx_word' id='word_1_51' title='bbox 774 669 902 754; x_wconf 74' lang='lat' dir='ltr'><strong>dispergi,</strong></span> 
     </span>
     <span class='ocr_line' id='line_1_8' title="bbox 46 747 358 826; baseline -0.01 -20"><span class='ocrx_word' id='word_1_52' title='bbox 46 750 139 826; x_wconf 83' lang='lat' dir='ltr'>toiiigi,</span> <span class='ocrx_word' id='word_1_53' title='bbox 157 747 278 810; x_wconf 68' lang='lat' dir='ltr'>reflecti</span> <span class='ocrx_word' id='word_1_54' title='bbox 300 747 358 805; x_wconf 89' lang='lat' dir='ltr'>&amp;c:</span> 
     </span>
    </p>

    <p class='ocr_par' dir='ltr' id='par_1_5' title="bbox 31 821 902 1073">
     <span class='ocr_line' id='line_1_9' title="bbox 74 821 902 906; baseline 0.016 -21"><span class='ocrx_word' id='word_1_55' title='bbox 74 829 228 890; x_wconf 80' lang='lat' dir='ltr'>Secundo:</span> <span class='ocrx_word' id='word_1_56' title='bbox 255 826 336 902; x_wconf 79' lang='lat' dir='ltr'>Ignis</span> <span class='ocrx_word' id='word_1_57' title='bbox 347 821 499 903; x_wconf 77' lang='lat' dir='ltr'>corpuscula</span> <span class='ocrx_word' id='word_1_58' title='bbox 507 825 674 885; x_wconf 72' lang='lat' dir='ltr'>minimam!</span> <span class='ocrx_word' id='word_1_59' title='bbox 678 836 902 906; x_wconf 65' lang='lat' dir='ltr'>postremissimus</span> 
     </span>
     <span class='ocr_line' id='line_1_10' title="bbox 34 901 900 986; baseline 0.012 -26"><span class='ocrx_word' id='word_1_60' title='bbox 34 911 148 966; x_wconf 49' lang='lat' dir='ltr'>*norim</span> <span class='ocrx_word' id='word_1_61' title='bbox 173 905 312 986; x_wconf 70' lang='lat' dir='ltr'>respeflu</span> <span class='ocrx_word' id='word_1_62' title='bbox 327 901 414 976; x_wconf 77' lang='lat' dir='ltr'>nojiri</span> <span class='ocrx_word' id='word_1_63' title='bbox 426 901 533 983; x_wconf 76' lang='lat' dir='ltr'>senfin.</span> <span class='ocrx_word' id='word_1_64' title='bbox 581 905 760 984; x_wconf 70' lang='lat' dir='ltr'>Intellr&#39;gr&#39;mus</span> <span class='ocrx_word' id='word_1_65' title='bbox 772 914 819 974; x_wconf 87' lang='lat' dir='ltr'>hic</span> <span class='ocrx_word' id='word_1_66' title='bbox 837 929 900 978; x_wconf 80' lang='lat' dir='ltr'>tan-</span> 
     </span>
     <span class='ocr_line' id='line_1_11' title="bbox 31 981 898 1073; baseline 0.01 -28"><span class='ocrx_word' id='word_1_67' title='bbox 31 1002 33 1046; x_wconf 74' lang='grc' dir='ltr'><strong>ι</strong></span> <span class='ocrx_word' id='word_1_68' title='bbox 48 989 241 1065; x_wconf 72' lang='lat' dir='ltr'>rubignem,</span> <span class='ocrx_word' id='word_1_69' title='bbox 257 984 311 1061; x_wconf 93' lang='lat' dir='ltr'>qui</span> <span class='ocrx_word' id='word_1_70' title='bbox 334 981 529 1044; x_wconf 74' lang='lat' dir='ltr'>se‘manifestat</span> <span class='ocrx_word' id='word_1_71' title='bbox 541 987 747 1060; x_wconf 71' lang='lat' dir='ltr'>rarefaciione,</span> <span class='ocrx_word' id='word_1_72' title='bbox 766 1011 833 1072; x_wconf 84' lang='lat' dir='ltr'>ergo</span> <span class='ocrx_word' id='word_1_73' title='bbox 846 1015 898 1073; x_wconf 87' lang='lat' dir='ltr'>po-</span> 
     </span>
    </p>

    <p class='ocr_par' dir='ltr' id='par_1_6' title="bbox 48 1063 914 1459">
     <span class='ocr_line' id='line_1_12' title="bbox 55 1063 914 1144; baseline 0.005 -23"><span class='ocrx_word' id='word_1_74' title='bbox 55 1063 272 1144; x_wconf 70' lang='lat' dir='ltr'>doniguem,</span> <span class='ocrx_word' id='word_1_75' title='bbox 291 1073 395 1120; x_wconf 89' lang='lat' dir='ltr'>notum</span> <span class='ocrx_word' id='word_1_76' title='bbox 409 1063 595 1139; x_wconf 86' lang='lat' dir='ltr'>&amp;cognitum</span> <span class='ocrx_word' id='word_1_77' title='bbox 608 1067 808 1142; x_wconf 64' lang='lat' dir='ltr'>arefactione,</span> <span class='ocrx_word' id='word_1_78' title='bbox 829 1091 897 1138; x_wconf 78' lang='lat' dir='ltr'>con.</span> <span class='ocrx_word' id='word_1_79' title='bbox 912 1105 914 1118; x_wconf 83' lang='lat'><em>·</em></span> 
     </span>
     <span class='ocr_line' id='line_1_13' title="bbox 51 1137 898 1223; baseline 0.006 -23"><span class='ocrx_word' id='word_1_80' title='bbox 51 1137 102 1201; x_wconf 72' lang='lat' dir='ltr'>{irre</span> <span class='ocrx_word' id='word_1_81' title='bbox 117 1141 282 1204; x_wconf 85' lang='lat' dir='ltr'>elementis</span> <span class='ocrx_word' id='word_1_82' title='bbox 301 1139 348 1202; x_wconf 88' lang='lat' dir='ltr'>vel</span> <span class='ocrx_word' id='word_1_83' title='bbox 366 1141 484 1217; x_wconf 80' lang='lat' dir='ltr'>partibus</span> <span class='ocrx_word' id='word_1_84' title='bbox 497 1143 532 1200; x_wconf 89' lang='lat' dir='ltr'>ab</span> <span class='ocrx_word' id='word_1_85' title='bbox 545 1143 601 1202; x_wconf 86' lang='lat' dir='ltr'>aliis</span> <span class='ocrx_word' id='word_1_86' title='bbox 619 1148 778 1223; x_wconf 86' lang='lat' dir='ltr'>corporibus</span> <span class='ocrx_word' id='word_1_87' title='bbox 790 1153 898 1218; x_wconf 78' lang='lat' dir='ltr'>distinc.</span> 
     </span>
     <span class='ocr_line' id='line_1_14' title="bbox 50 1217 896 1310; baseline 0.013 -33"><span class='ocrx_word' id='word_1_88' title='bbox 50 1219 86 1292; x_wconf 84' lang='lat' dir='ltr'>tis,</span> <span class='ocrx_word' id='word_1_89' title='bbox 97 1223 145 1284; x_wconf 86' lang='lat' dir='ltr'>sed</span> <span class='ocrx_word' id='word_1_90' title='bbox 162 1237 233 1283; x_wconf 89' lang='lat' dir='ltr'>tam</span> <span class='ocrx_word' id='word_1_91' title='bbox 257 1217 381 1296; x_wconf 86' lang='lat' dir='ltr'>exiguis,</span> <span class='ocrx_word' id='word_1_92' title='bbox 399 1231 431 1279; x_wconf 92' lang='lat' dir='ltr'>ut</span> <span class='ocrx_word' id='word_1_93' title='bbox 448 1221 572 1283; x_wconf 84' lang='lat' dir='ltr'>minimae</span> <span class='ocrx_word' id='word_1_94' title='bbox 584 1235 672 1300; x_wconf 88' lang='lat' dir='ltr'>partes</span> <span class='ocrx_word' id='word_1_95' title='bbox 693 1229 773 1289; x_wconf 88' lang='lat' dir='ltr'>nobis</span> <span class='ocrx_word' id='word_1_96' title='bbox 786 1236 896 1310; x_wconf 58' lang='lat' dir='ltr'>penitus</span> 
     </span>
     <span class='ocr_line' id='line_1_15' title="bbox 48 1297 896 1379; baseline 0.017 -23"><span class='ocrx_word' id='word_1_97' title='bbox 48 1297 191 1378; x_wconf 85' lang='lat' dir='ltr'>bcognitae</span> <span class='ocrx_word' id='word_1_98' title='bbox 200 1299 260 1360; x_wconf 86' lang='lat' dir='ltr'>fint</span> <span class='ocrx_word' id='word_1_99' title='bbox 269 1317 322 1369; x_wconf 85' lang='lat' dir='ltr'>,an</span> <span class='ocrx_word' id='word_1_100' title='bbox 336 1316 405 1360; x_wconf 89' lang='lat' dir='ltr'>vero</span> <span class='ocrx_word' id='word_1_101' title='bbox 424 1313 523 1376; x_wconf 81' lang='lat' dir='ltr'>praeter</span> <span class='ocrx_word' id='word_1_102' title='bbox 535 1301 634 1379; x_wconf 84' lang='lat' dir='ltr'>Ignem</span> <span class='ocrx_word' id='word_1_103' title='bbox 654 1304 683 1364; x_wconf 93' lang='lat' dir='ltr'>in</span> <span class='ocrx_word' id='word_1_104' title='bbox 695 1305 751 1368; x_wconf 78' lang='lat' dir='ltr'>alio</span> <span class='ocrx_word' id='word_1_105' title='bbox 769 1311 835 1374; x_wconf 89' lang='lat' dir='ltr'>loco</span> <span class='ocrx_word' id='word_1_106' title='bbox 848 1316 896 1379; x_wconf 86' lang='lat' dir='ltr'>vel</span> 
     </span>
     <span class='ocr_line' id='line_1_16' title="bbox 48 1375 895 1459; baseline 0.019 -25"><span class='ocrx_word' id='word_1_107' title='bbox 48 1375 132 1440; x_wconf 80' lang='lat' dir='ltr'>indiis</span> <span class='ocrx_word' id='word_1_108' title='bbox 152 1378 329 1457; x_wconf 84' lang='lat' dir='ltr'>corporibus</span> <span class='ocrx_word' id='word_1_109' title='bbox 343 1376 374 1437; x_wconf 89' lang='lat' dir='ltr'>srt</span> <span class='ocrx_word' id='word_1_110' title='bbox 387 1379 499 1458; x_wconf 80' lang='lat' dir='ltr'>aliquod</span> <span class='ocrx_word' id='word_1_111' title='bbox 519 1399 634 1458; x_wconf 90' lang='lat' dir='ltr'>corpus,</span> <span class='ocrx_word' id='word_1_112' title='bbox 652 1383 730 1459; x_wconf 92' lang='lat' dir='ltr'>quod</span> <span class='ocrx_word' id='word_1_113' title='bbox 743 1387 895 1455; x_wconf 89' lang='lat' dir='ltr'>adbucmi-</span> 
     </span>
    </p>
   </div>
   <div class='ocr_carea' id='block_1_2' title="bbox 47 1458 992 1544">
    <p class='ocr_par' dir='ltr' id='par_1_7' title="bbox 47 1458 992 1544">
     <span class='ocr_line' id='line_1_17' title="bbox 47 1458 992 1544; baseline 0.017 -26"><span class='ocrx_word' id='word_1_114' title='bbox 47 1472 87 1518; x_wconf 84' lang='lat' dir='ltr'>nus</span> <span class='ocrx_word' id='word_1_115' title='bbox 104 1459 138 1520; x_wconf 85' lang='lat' dir='ltr'>iit</span> <span class='ocrx_word' id='word_1_116' title='bbox 153 1461 252 1536; x_wconf 85' lang='lat' dir='ltr'><strong>Igne,</strong></span> <span class='ocrx_word' id='word_1_117' title='bbox 270 1458 438 1532; x_wconf 84' lang='lat' dir='ltr'>ignoramus,</span> <span class='ocrx_word' id='word_1_118' title='bbox 453 1459 483 1518; x_wconf 93' lang='lat' dir='ltr'>id</span> <span class='ocrx_word' id='word_1_119' title='bbox 501 1459 540 1518; x_wconf 85' lang='lat' dir='ltr'>est</span> <span class='ocrx_word' id='word_1_120' title='bbox 558 1479 594 1518; x_wconf 84' lang='lat' dir='ltr'>an</span> <span class='ocrx_word' id='word_1_121' title='bbox 613 1461 693 1519; x_wconf 81' lang='lat' dir='ltr'>Deus</span> <span class='ocrx_word' id='word_1_122' title='bbox 713 1468 892 1544; x_wconf 84' lang='lat' dir='ltr'>omnipotens</span> <span class='ocrx_word' id='word_1_123' title='bbox 986 1507 992 1524; x_wconf 54' lang='lat' dir='ltr'>r</span> 
     </span>
    </p>
   </div>
   <div class='ocr_carea' id='block_1_3' title="bbox 36 1537 894 2564">
    <p class='ocr_par' dir='ltr' id='par_1_8' title="bbox 41 1537 894 2014">
     <span class='ocr_line' id='line_1_18' title="bbox 46 1537 894 1614; baseline 0.009 -21"><span class='ocrx_word' id='word_1_124' title='bbox 46 1540 172 1600; x_wconf 81' lang='lat' dir='ltr'>creaverit</span> <span class='ocrx_word' id='word_1_125' title='bbox 188 1537 287 1598; x_wconf 89' lang='lat' dir='ltr'>adhuc</span> <span class='ocrx_word' id='word_1_126' title='bbox 306 1555 421 1614; x_wconf 86' lang='lat' dir='ltr'>corpora</span> <span class='ocrx_word' id='word_1_127' title='bbox 434 1537 543 1596; x_wconf 88' lang='lat' dir='ltr'>minora</span> <span class='ocrx_word' id='word_1_128' title='bbox 557 1539 598 1596; x_wconf 90' lang='lat' dir='ltr'>his</span> <span class='ocrx_word' id='word_1_129' title='bbox 611 1538 744 1602; x_wconf 85' lang='lat' dir='ltr'>nescimus</span> <span class='ocrx_word' id='word_1_130' title='bbox 758 1581 768 1612; x_wconf 87' lang='lat'><strong>,</strong></span> <span class='ocrx_word' id='word_1_131' title='bbox 785 1545 832 1608; x_wconf 83' lang='lat' dir='ltr'>sed</span> <span class='ocrx_word' id='word_1_132' title='bbox 844 1550 894 1612; x_wconf 76' lang='lat' dir='ltr'>de.</span> 
     </span>
     <span class='ocr_line' id='line_1_19' title="bbox 48 1612 894 1706; baseline 0.005 -34"><span class='ocrx_word' id='word_1_133' title='bbox 48 1619 194 1678; x_wconf 82' lang='lat' dir='ltr'>monstrare</span> <span class='ocrx_word' id='word_1_134' title='bbox 214 1612 377 1693; x_wconf 88' lang='lat' dir='ltr'>possumus,</span> <span class='ocrx_word' id='word_1_135' title='bbox 396 1615 473 1694; x_wconf 89' lang='lat' dir='ltr'>quod</span> <span class='ocrx_word' id='word_1_136' title='bbox 487 1617 558 1675; x_wconf 86' lang='lat' dir='ltr'>inter</span> <span class='ocrx_word' id='word_1_137' title='bbox 577 1634 718 1692; x_wconf 86' lang='lat' dir='ltr'>corpora,</span> <span class='ocrx_word' id='word_1_138' title='bbox 738 1640 802 1698; x_wconf 83' lang='lat' dir='ltr'>quae</span> <span class='ocrx_word' id='word_1_139' title='bbox 824 1647 894 1706; x_wconf 74' lang='lat' dir='ltr'>cog.</span> 
     </span>
     <span class='ocr_line' id='line_1_20' title="bbox 46 1693 894 1771; baseline 0.018 -20"><span class='ocrx_word' id='word_1_140' title='bbox 46 1697 183 1758; x_wconf 84' lang='lat' dir='ltr'>noscimus</span> <span class='ocrx_word' id='word_1_141' title='bbox 200 1739 209 1766; x_wconf 84' lang='lat'><em>,</em></span> <span class='ocrx_word' id='word_1_142' title='bbox 239 1694 393 1754; x_wconf 88' lang='lat' dir='ltr'>minimum</span> <span class='ocrx_word' id='word_1_143' title='bbox 408 1693 440 1752; x_wconf 83' lang='lat' dir='ltr'>fit</span> <span class='ocrx_word' id='word_1_144' title='bbox 453 1695 534 1768; x_wconf 87' lang='lat' dir='ltr'>Ignis.</span> <span class='ocrx_word' id='word_1_145' title='bbox 552 1693 641 1770; x_wconf 88' lang='lat' dir='ltr'>quue</span> <span class='ocrx_word' id='word_1_146' title='bbox 654 1698 801 1771; x_wconf 84' lang='lat' dir='ltr'>probamus</span> <span class='ocrx_word' id='word_1_147' title='bbox 821 1705 894 1768; x_wconf 84' lang='lat' dir='ltr'>hisce</span> 
     </span>
     <span class='ocr_line' id='line_1_21' title="bbox 44 1771 891 1857; baseline 0 -23"><span class='ocrx_word' id='word_1_148' title='bbox 44 1776 223 1851; x_wconf 76' lang='lat' dir='ltr'>argumentis.</span> <span class='ocrx_word' id='word_1_149' title='bbox 235 1772 316 1852; x_wconf 89' lang='lat' dir='ltr'>quod</span> <span class='ocrx_word' id='word_1_150' title='bbox 330 1791 367 1830; x_wconf 86' lang='lat' dir='ltr'>ex</span> <span class='ocrx_word' id='word_1_151' title='bbox 379 1773 456 1829; x_wconf 83' lang='lat' dir='ltr'>nullo</span> <span class='ocrx_word' id='word_1_152' title='bbox 476 1785 593 1846; x_wconf 90' lang='lat' dir='ltr'>corpore</span> <span class='ocrx_word' id='word_1_153' title='bbox 600 1771 688 1844; x_wconf 79' lang='lat' dir='ltr'>potest</span> <span class='ocrx_word' id='word_1_154' title='bbox 694 1779 796 1850; x_wconf 89' lang='lat' dir='ltr'>arceri,</span> <span class='ocrx_word' id='word_1_155' title='bbox 812 1786 891 1857; x_wconf 76' lang='lat' dir='ltr'>quod</span> 
     </span>
     <span class='ocr_line' id='line_1_22' title="bbox 41 1847 892 2014; baseline 0.008 -23"><span class='ocrx_word' id='word_1_156' title='bbox 41 1854 547 2006; x_wconf 42' lang='lat' dir='ltr'>iumentorum&amp;</span> <span class='ocrx_word' id='word_1_157' title='bbox 558 1847 892 2014; x_wconf 48' lang='lat' dir='ltr'>{tiburtini}</span> 
     </span>
    </p>

    <p class='ocr_par' dir='ltr' id='par_1_9' title="bbox 36 1967 891 2564">
     <span class='ocr_line' id='line_1_23' title="bbox 528 1967 891 1996; baseline -0.011 0"><span class='ocrx_word' id='word_1_158' title='bbox 528 1967 538 1996; x_wconf 67' lang='grc'><strong>9</strong></span> <span class='ocrx_word' id='word_1_159' title='bbox 877 1979 891 1992; x_wconf 81' lang='grc' dir='ltr'><strong>ι</strong></span> 
     </span>
     <span class='ocr_line' id='line_1_24' title="bbox 40 2007 889 2095; baseline 0.005 -25"><span class='ocrx_word' id='word_1_160' title='bbox 40 2011 60 2070; x_wconf 90' lang='lat' dir='ltr'>ri</span> <span class='ocrx_word' id='word_1_161' title='bbox 75 2011 173 2089; x_wconf 86' lang='lat' dir='ltr'>potest</span> <span class='ocrx_word' id='word_1_162' title='bbox 188 2054 198 2080; x_wconf 91' lang='lat'>,</span> <span class='ocrx_word' id='word_1_163' title='bbox 218 2028 269 2086; x_wconf 86' lang='lat' dir='ltr'>per</span> <span class='ocrx_word' id='word_1_164' title='bbox 284 2009 363 2086; x_wconf 90' lang='lat' dir='ltr'>quod</span> <span class='ocrx_word' id='word_1_165' title='bbox 382 2027 441 2068; x_wconf 90' lang='lat' dir='ltr'>non</span> <span class='ocrx_word' id='word_1_166' title='bbox 466 2007 546 2089; x_wconf 70' lang='lat' dir='ltr'>aeque</span> <span class='ocrx_word' id='word_1_167' title='bbox 564 2009 643 2070; x_wconf 74' lang='lat' dir='ltr'>facile</span> <span class='ocrx_word' id='word_1_168' title='bbox 667 2013 778 2074; x_wconf 85' lang='lat' dir='ltr'>tranfire</span> <span class='ocrx_word' id='word_1_169' title='bbox 796 2022 889 2095; x_wconf 82' lang='lat' dir='ltr'>poffit.</span> 
     </span>
     <span class='ocr_line' id='line_1_25' title="bbox 41 2085 889 2168; baseline 0.002 -20"><span class='ocrx_word' id='word_1_170' title='bbox 41 2088 110 2168; x_wconf 84' lang='lat' dir='ltr'>Ergo</span> <span class='ocrx_word' id='word_1_171' title='bbox 141 2090 202 2150; x_wconf 87' lang='lat' dir='ltr'>tale</span> <span class='ocrx_word' id='word_1_172' title='bbox 216 2106 314 2166; x_wconf 88' lang='lat' dir='ltr'>corpus</span> <span class='ocrx_word' id='word_1_173' title='bbox 334 2087 416 2147; x_wconf 89' lang='lat' dir='ltr'>debet</span> <span class='ocrx_word' id='word_1_174' title='bbox 435 2085 488 2146; x_wconf 86' lang='lat' dir='ltr'>effe</span> <span class='ocrx_word' id='word_1_175' title='bbox 507 2089 671 2160; x_wconf 89' lang='lat' dir='ltr'>minimum,</span> <span class='ocrx_word' id='word_1_176' title='bbox 688 2093 827 2168; x_wconf 74' lang='lat' dir='ltr'>possumus</span> <span class='ocrx_word' id='word_1_177' title='bbox 841 2108 889 2161; x_wconf 66' lang='lat' dir='ltr'>ae·-</span> 
     </span>
     <span class='ocr_line' id='line_1_26' title="bbox 39 2167 890 2246; baseline 0.011 -20"><span class='ocrx_word' id='word_1_178' title='bbox 39 2185 118 2240; x_wconf 89' lang='lat' dir='ltr'>rem,</span> <span class='ocrx_word' id='word_1_179' title='bbox 143 2185 268 2246; x_wconf 89' lang='lat' dir='ltr'>aquarn,</span> <span class='ocrx_word' id='word_1_180' title='bbox 289 2167 385 2226; x_wconf 87' lang='lat' dir='ltr'>oleum</span> <span class='ocrx_word' id='word_1_181' title='bbox 406 2169 437 2225; x_wconf 69' lang='grc' dir='ltr'>ὅ(</span> <span class='ocrx_word' id='word_1_182' title='bbox 455 2168 551 2226; x_wconf 87' lang='lat' dir='ltr'>omnia</span> <span class='ocrx_word' id='word_1_183' title='bbox 577 2167 660 2228; x_wconf 86' lang='lat' dir='ltr'>fluida</span> <span class='ocrx_word' id='word_1_184' title='bbox 688 2173 833 2238; x_wconf 84' lang='lat' dir='ltr'>excludere</span> <span class='ocrx_word' id='word_1_185' title='bbox 853 2198 890 2242; x_wconf 77' lang='lat' dir='ltr'>ex</span> 
     </span>
     <span class='ocr_line' id='line_1_27' title="bbox 40 2245 890 2336; baseline 0.007 -30"><span class='ocrx_word' id='word_1_186' title='bbox 40 2248 229 2327; x_wconf 83' lang='lat' dir='ltr'>corporibus,</span> <span class='ocrx_word' id='word_1_187' title='bbox 250 2246 296 2306; x_wconf 86' lang='lat' dir='ltr'>sed</span> <span class='ocrx_word' id='word_1_188' title='bbox 315 2248 414 2322; x_wconf 84' lang='lat' dir='ltr'>Ignem</span> <span class='ocrx_word' id='word_1_189' title='bbox 434 2245 523 2305; x_wconf 88' lang='lat' dir='ltr'>solum</span> <span class='ocrx_word' id='word_1_190' title='bbox 541 2263 599 2306; x_wconf 90' lang='lat' dir='ltr'>non</span> <span class='ocrx_word' id='word_1_191' title='bbox 622 2245 775 2324; x_wconf 83' lang='lat' dir='ltr'>poffumus.</span> <span class='ocrx_word' id='word_1_192' title='bbox 812 2257 890 2336; x_wconf 84' lang='lat' dir='ltr'>Ergo</span> 
     </span>
     <span class='ocr_line' id='line_1_28' title="bbox 39 2324 889 2412; baseline -0.001 -26"><span class='ocrx_word' id='word_1_193' title='bbox 39 2325 195 2388; x_wconf 84' lang='lat' dir='ltr'>neceffario</span> <span class='ocrx_word' id='word_1_194' title='bbox 220 2325 315 2402; x_wconf 85' lang='lat' dir='ltr'>Ignis,</span> <span class='ocrx_word' id='word_1_195' title='bbox 334 2325 382 2403; x_wconf 89' lang='lat' dir='ltr'>qui</span> <span class='ocrx_word' id='word_1_196' title='bbox 396 2324 596 2384; x_wconf 82' lang='lat' dir='ltr'>demonstratus</span> <span class='ocrx_word' id='word_1_197' title='bbox 616 2327 654 2385; x_wconf 90' lang='lat' dir='ltr'>est</span> <span class='ocrx_word' id='word_1_198' title='bbox 670 2327 699 2385; x_wconf 91' lang='lat' dir='ltr'>in</span> <span class='ocrx_word' id='word_1_199' title='bbox 717 2330 804 2406; x_wconf 69' lang='lat' dir='ltr'>primi</span> <span class='ocrx_word' id='word_1_200' title='bbox 823 2355 889 2412; x_wconf 70' lang='lat' dir='ltr'>pro.</span> 
     </span>
     <span class='ocr_line' id='line_1_29' title="bbox 37 2401 886 2490; baseline 0.012 -24"><span class='ocrx_word' id='word_1_201' title='bbox 37 2408 159 2484; x_wconf 86' lang='lat' dir='ltr'>prietate</span> <span class='ocrx_word' id='word_1_202' title='bbox 186 2401 242 2463; x_wconf 84' lang='lat' dir='ltr'>effe</span> <span class='ocrx_word' id='word_1_203' title='bbox 263 2422 385 2480; x_wconf 86' lang='lat' dir='ltr'>corpus,</span> <span class='ocrx_word' id='word_1_204' title='bbox 404 2405 526 2482; x_wconf 88' lang='lat' dir='ltr'>corporis</span> <span class='ocrx_word' id='word_1_205' title='bbox 546 2403 637 2464; x_wconf 90' lang='lat' dir='ltr'>ideam</span> <span class='ocrx_word' id='word_1_206' title='bbox 664 2404 746 2469; x_wconf 84' lang='lat' dir='ltr'>habet</span> <span class='ocrx_word' id='word_1_207' title='bbox 763 2411 886 2490; x_wconf 76' lang='lat' dir='ltr'>scilicet,</span> 
     </span>
     <span class='ocr_line' id='line_1_30' title="bbox 36 2481 889 2564; baseline 0.006 -23"><span class='ocrx_word' id='word_1_208' title='bbox 36 2483 348 2564; x_wconf 83' lang='lat' dir='ltr'>impenetrabibtatem,</span> <span class='ocrx_word' id='word_1_209' title='bbox 368 2483 433 2544; x_wconf 90' lang='lat' dir='ltr'>hinc</span> <span class='ocrx_word' id='word_1_210' title='bbox 443 2484 508 2542; x_wconf 89' lang='lat' dir='ltr'>licet</span> <span class='ocrx_word' id='word_1_211' title='bbox 520 2481 553 2543; x_wconf 90' lang='lat' dir='ltr'>fit</span> <span class='ocrx_word' id='word_1_212' title='bbox 570 2483 764 2548; x_wconf 85' lang='lat' dir='ltr'>subtiliffimum</span> <span class='ocrx_word' id='word_1_213' title='bbox 779 2493 889 2556; x_wconf 80' lang='lat' dir='ltr'>dcem.</span> 
     </span>
    </p>
   </div>
   <div class='ocr_carea' id='block_1_4' title="bbox 34 2561 1004 3036">
    <p class='ocr_par' dir='ltr' id='par_1_10' title="bbox 34 2561 1004 3036">
     <span class='ocr_line' id='line_1_31' title="bbox 36 2561 1004 2642; baseline 0.003 -18"><span class='ocrx_word' id='word_1_214' title='bbox 36 2567 122 2627; x_wconf 88' lang='lat' dir='ltr'>nium</span> <span class='ocrx_word' id='word_1_215' title='bbox 132 2563 446 2640; x_wconf 86' lang='lat' dir='ltr'>minimum,penetrans</span> <span class='ocrx_word' id='word_1_216' title='bbox 461 2563 556 2622; x_wconf 84' lang='lat' dir='ltr'>omnia</span> <span class='ocrx_word' id='word_1_217' title='bbox 563 2581 696 2642; x_wconf 88' lang='lat' dir='ltr'>corpora,</span> <span class='ocrx_word' id='word_1_218' title='bbox 715 2561 905 2634; x_wconf 78' lang='lat' dir='ltr'>tamennon.&#39;</span> <span class='ocrx_word' id='word_1_219' title='bbox 1002 2567 1004 2627; x_wconf 61' lang='grc' dir='ltr'><em>ἶ</em></span> 
     </span>
     <span class='ocr_line' id='line_1_32' title="bbox 34 2639 1002 2726; baseline 0.009 -20"><span class='ocrx_word' id='word_1_220' title='bbox 34 2663 128 2723; x_wconf 87' lang='lat' dir='ltr'>quam</span> <span class='ocrx_word' id='word_1_221' title='bbox 142 2640 316 2701; x_wconf 83' lang='lat' dir='ltr'>substantiam</span> <span class='ocrx_word' id='word_1_222' title='bbox 330 2639 493 2719; x_wconf 86' lang='lat' dir='ltr'>corpoream</span> <span class='ocrx_word' id='word_1_223' title='bbox 500 2643 720 2719; x_wconf 82' lang='lat' dir='ltr'>potesttranfire,</span> <span class='ocrx_word' id='word_1_224' title='bbox 734 2651 812 2726; x_wconf 92' lang='lat' dir='ltr'>quod</span> <span class='ocrx_word' id='word_1_225' title='bbox 819 2670 888 2712; x_wconf 89' lang='lat' dir='ltr'>con·</span> <span class='ocrx_word' id='word_1_226' title='bbox 1000 2659 1002 2713; x_wconf 76' lang='grc' dir='ltr'><em>ξ</em></span> 
     </span>
     <span class='ocr_line' id='line_1_33' title="bbox 34 2717 1000 2805; baseline 0.014 -26"><span class='ocrx_word' id='word_1_227' title='bbox 34 2726 156 2784; x_wconf 82' lang='lat' dir='ltr'>trarium</span> <span class='ocrx_word' id='word_1_228' title='bbox 184 2719 246 2780; x_wconf 71' lang='lat' dir='ltr'>elias</span> <span class='ocrx_word' id='word_1_229' title='bbox 266 2717 332 2779; x_wconf 82' lang='lat' dir='ltr'>effer</span> <span class='ocrx_word' id='word_1_230' title='bbox 351 2721 599 2798; x_wconf 76' lang='lat' dir='ltr'>impenetrabilitati</span> <span class='ocrx_word' id='word_1_231' title='bbox 628 2726 757 2784; x_wconf 89' lang='lat' dir='ltr'>omnium</span> <span class='ocrx_word' id='word_1_232' title='bbox 786 2747 887 2805; x_wconf 90' lang='lat' dir='ltr'>corpo-</span> <span class='ocrx_word' id='word_1_233' title='bbox 998 2733 1000 2792; x_wconf 71' lang='lat' dir='ltr'>J</span> 
     </span>
     <span class='ocr_line' id='line_1_34' title="bbox 37 2797 998 2883; baseline 0.012 -27"><span class='ocrx_word' id='word_1_234' title='bbox 37 2821 105 2862; x_wconf 87' lang='lat' dir='ltr'>rum</span> <span class='ocrx_word' id='word_1_235' title='bbox 122 2846 132 2873; x_wconf 85' lang='lat'><strong>,</strong></span> <span class='ocrx_word' id='word_1_236' title='bbox 148 2798 196 2860; x_wconf 90' lang='lat' dir='ltr'>sed</span> <span class='ocrx_word' id='word_1_237' title='bbox 214 2797 298 2858; x_wconf 76' lang='lat' dir='ltr'>libere</span> <span class='ocrx_word' id='word_1_238' title='bbox 313 2799 406 2858; x_wconf 76' lang='lat' dir='ltr'>tranfit</span> <span class='ocrx_word' id='word_1_239' title='bbox 424 2819 473 2876; x_wconf 91' lang='lat' dir='ltr'>per</span> <span class='ocrx_word' id='word_1_240' title='bbox 498 2819 597 2862; x_wconf 90' lang='lat' dir='ltr'>omnes</span> <span class='ocrx_word' id='word_1_241' title='bbox 623 2816 729 2862; x_wconf 86' lang='lat' dir='ltr'>meatus</span> <span class='ocrx_word' id='word_1_242' title='bbox 749 2806 780 2863; x_wconf 91' lang='lat'>&amp;</span> <span class='ocrx_word' id='word_1_243' title='bbox 800 2823 889 2880; x_wconf 86' lang='lat' dir='ltr'>poros</span> <span class='ocrx_word' id='word_1_244' title='bbox 995 2817 998 2883; x_wconf 67' lang='grc' dir='ltr'>ξ</span> 
     </span>
     <span class='ocr_line' id='line_1_35' title="bbox 37 2877 996 2959; baseline 0.004 -19"><span class='ocrx_word' id='word_1_245' title='bbox 37 2883 113 2940; x_wconf 84' lang='lat' dir='ltr'>intra</span> <span class='ocrx_word' id='word_1_246' title='bbox 133 2877 306 2946; x_wconf 84' lang='lat' dir='ltr'>substantiam</span> <span class='ocrx_word' id='word_1_247' title='bbox 329 2896 510 2955; x_wconf 88' lang='lat' dir='ltr'>corpoream,</span> <span class='ocrx_word' id='word_1_248' title='bbox 527 2880 604 2949; x_wconf 88' lang='lat' dir='ltr'>nullo</span> <span class='ocrx_word' id='word_1_249' title='bbox 621 2899 738 2956; x_wconf 83' lang='lat' dir='ltr'>corpore</span> <span class='ocrx_word' id='word_1_250' title='bbox 752 2897 887 2959; x_wconf 86' lang='lat' dir='ltr'>excepto;</span> <span class='ocrx_word' id='word_1_251' title='bbox 995 2899 996 2925; x_wconf 50' lang='grc' dir='ltr'><strong>ι</strong></span> 
     </span>
     <span class='ocr_line' id='line_1_36' title="bbox 38 2956 994 3036; baseline 0.003 -16"><span class='ocrx_word' id='word_1_252' title='bbox 38 2972 119 3036; x_wconf 87' lang='lat' dir='ltr'>patet</span> <span class='ocrx_word' id='word_1_253' title='bbox 139 2956 226 3018; x_wconf 67' lang='lat' dir='ltr'>claro:</span> <span class='ocrx_word' id='word_1_254' title='bbox 248 2974 273 3014; x_wconf 84' lang='lat' dir='ltr'>e:</span> <span class='ocrx_word' id='word_1_255' title='bbox 287 2974 314 3032; x_wconf 85' lang='lat' dir='ltr'>g:</span> <span class='ocrx_word' id='word_1_256' title='bbox 328 2974 426 3016; x_wconf 88' lang='lat' dir='ltr'>aurum</span> <span class='ocrx_word' id='word_1_257' title='bbox 441 2958 478 3015; x_wconf 89' lang='lat' dir='ltr'>est</span> <span class='ocrx_word' id='word_1_258' title='bbox 497 2959 756 3034; x_wconf 85' lang='lat' dir='ltr'>ponderofiffimum</span> <span class='ocrx_word' id='word_1_259' title='bbox 770 2977 886 3036; x_wconf 84' lang='lat' dir='ltr'>corpus,</span> <span class='ocrx_word' id='word_1_260' title='bbox 992 2981 994 3034; x_wconf 66' lang='grc' dir='ltr'><strong>ι</strong></span> 
     </span>
    </p>
   </div>
   <div class='ocr_carea' id='block_1_5' title="bbox 41 3033 993 3350">
    <p class='ocr_par' dir='ltr' id='par_1_11' title="bbox 41 3033 993 3350">
     <span class='ocr_line' id='line_1_37' title="bbox 41 3033 993 3116; baseline -0.002 -19"><span class='ocrx_word' id='word_1_261' title='bbox 41 3055 111 3116; x_wconf 83' lang='lat' dir='ltr'>ergo</span> <span class='ocrx_word' id='word_1_262' title='bbox 124 3033 382 3116; x_wconf 83' lang='lat' dir='ltr'>ejussubstantiaest</span> <span class='ocrx_word' id='word_1_263' title='bbox 396 3034 813 3112; x_wconf 73' lang='lat' dir='ltr'>denfiffima&amp;compa&#39;ciiffima</span> <span class='ocrx_word' id='word_1_264' title='bbox 822 3058 886 3102; x_wconf 85' lang='lat' dir='ltr'>orn-</span> <span class='ocrx_word' id='word_1_265' title='bbox 990 3039 993 3095; x_wconf 76' lang='lat'><em>7</em></span> 
     </span>
     <span class='ocr_line' id='line_1_38' title="bbox 41 3111 991 3198; baseline -0.012 -21"><span class='ocrx_word' id='word_1_266' title='bbox 41 3118 122 3179; x_wconf 90' lang='lat' dir='ltr'>nium</span> <span class='ocrx_word' id='word_1_267' title='bbox 145 3113 364 3198; x_wconf 82' lang='lat' dir='ltr'>quae.minimos</span> <span class='ocrx_word' id='word_1_268' title='bbox 383 3133 467 3193; x_wconf 88' lang='lat' dir='ltr'>poros</span> <span class='ocrx_word' id='word_1_269' title='bbox 481 3115 616 3174; x_wconf 80' lang='lat' dir='ltr'>admittit:</span> <span class='ocrx_word' id='word_1_270' title='bbox 638 3131 704 3172; x_wconf 83' lang='lat' dir='ltr'>nam</span> <span class='ocrx_word' id='word_1_271' title='bbox 718 3111 888 3182; x_wconf 63' lang='lat' dir='ltr'>demonstra.</span> <span class='ocrx_word' id='word_1_272' title='bbox 988 3131 991 3181; x_wconf 62' lang='lat' dir='ltr'><em>g</em></span> 
     </span>
     <span class='ocr_line' id='line_1_39' title="bbox 44 3187 987 3350; baseline -0.004 -89"><span class='ocrx_word' id='word_1_273' title='bbox 44 3207 105 3261; x_wconf 88' lang='lat' dir='ltr'>tum</span> <span class='ocrx_word' id='word_1_274' title='bbox 120 3197 160 3260; x_wconf 86' lang='lat' dir='ltr'>est</span> <span class='ocrx_word' id='word_1_275' title='bbox 180 3215 198 3256; x_wconf 94' lang='lat' dir='ltr'>a</span> <span class='ocrx_word' id='word_1_276' title='bbox 218 3191 329 3270; x_wconf 78' lang='lat' dir='ltr'>boyleo</span> <span class='ocrx_word' id='word_1_277' title='bbox 343 3193 382 3310; x_wconf 22' lang='grc' dir='ltr'>δι’</span> <span class='ocrx_word' id='word_1_278' title='bbox 391 3193 517 3350; x_wconf 47' lang='lat' dir='ltr'>Hagieos,</span> <span class='ocrx_word' id='word_1_279' title='bbox 543 3193 621 3274; x_wconf 90' lang='lat' dir='ltr'>quod</span> <span class='ocrx_word' id='word_1_280' title='bbox 648 3187 762 3267; x_wconf 87' lang='lat' dir='ltr'>quando</span> <span class='ocrx_word' id='word_1_281' title='bbox 787 3212 887 3256; x_wconf 90' lang='lat' dir='ltr'>aurum</span> <span class='ocrx_word' id='word_1_282' title='bbox 986 3277 987 3282; x_wconf 8' lang='grc' dir='ltr'>ἵ</span> 
     </span>
    </p>
   </div>
   <div class='ocr_carea' id='block_1_6' title="bbox 0 0 1038 3676">
    <p class='ocr_par' dir='ltr' id='par_1_12' title="bbox 0 0 1038 3676">
     <span class='ocr_line' id='line_1_40' title="bbox 0 0 1038 3676; baseline 0 4"><span class='ocrx_word' id='word_1_283' title='bbox 0 0 1038 3676; x_wconf 95' lang='lat' dir='ltr'> </span> 
     </span>
    </p>
   </div>
  </div>
 </body>
</html>
