2092 3654
170 253 230 322 132
287 233 370 302 nu
413 183 906 304 antr'mnnrnns.

173 333 235 392 olea
255 331 296 392 illa
319 335 392 393 varia
411 333 472 395 sunt
485 353 534 413 pro
549 350 655 396 ratione
670 336 782 412 Spiritus
795 337 841 396 vel
853 336 911 396 salis
926 336 1036 396 inhae-

66 459 71 474 ,
171 412 270 480 tentis,
290 413 335 484 vel
355 414 471 473 aliorum
491 415 687 491 principiorum
709 415 754 474 sed
767 433 833 473 cum
849 416 949 474 oleum
967 434 1036 490 vq-

170 487 244 548 latile
258 491 369 550 orbatur
383 493 463 552 omni
478 491 530 566 sale
546 496 576 552 &
587 492 657 552 terri
667 492 708 552 'eli
727 493 799 551 iners
813 495 842 550 δι
856 491 1036 569 fimpliciffi-

171 583 271 638 mum,
284 572 322 658 ¹&
337 569 547 646 deprehenditur
567 572 596 630 in
609 571 737 660 omnibus
751 571 925 632 Animalibus
938 573 1036 648 peni-

171 645 376 803 tusglgn'llfferra
389 727 468 797 iners,
483 726 518 785 de
530 723 582 788 haic
590 728 650 803 jam
663 727 782 803 superius
794 725 917 796 dietum,
939 727 976 785 bc
986 722 1034 806 est

38 833 41 842 .
161 801 264 865 similis
275 806 304 864 in
317 803 449 864 omnibus¹
458 805 632 875 animalibus,
650 803 760 881 'peninrs
772 805 970 875 immutabilis,
995 809 1031 866 δι

173 881 264 971 differt
281 895 390 944 tantum
409 900 426 942 a
445 881 515 942 terrl
528 884 690 960 vegetabili,
710 885 787 962 quod
801 901 898 968 parum
912 885 1030 944 volati-

102 1065 107 1075 .
172 960 315 1100 hol'rsgrer
334 1040 429 1099 haecce
447 1041 578 1118 principia
599 1040 739 1100 Animalia
757 1039 860 1098 habent
879 1039 1027 1100 humores

174 1119 265 1178 varios
282 1119 328 1177 vel
345 1119 482 1196 liquores,
502 1121 532 1178 ὃ(
552 1108 670 1178 diversos
683 1120 712 1177 in
725 1117 833 1178 diversis
846 1117 970 1192 partibus
985 1119 1029 1178 sui

174 1215 315 1335 aava
332 1195 647 1335 irruerunt
667 1195 1025 1336 trutinum

173 1291 595 1432 {amulunl'chylus’perficitur
609 1288 779 1413 mgientteffims
794 1353 824 1412 &
839 1353 894 1412 abit
909 1353 939 1411 in
956 1321 1026 1412 vasa,

174 1431 285 1503 laslea,
308 1432 449 1508 paululum
475 1431 582 1493 accedit
611 1432 647 1492 ad
673 1447 799 1505 naturam
829 1431 970 1491 Animalis
991 1436 1023 1492 &

175 1506 316 1587 paululum
331 1512 432 1570 amittit
445 1510 480 1571 de
499 1524 594 1578 natura
609 1511 790 1586 vegetabilis3
809 1527 907 1568 verum
922 1507 944 1568 sr
960 1511 1023 1570 san·

174 1589 252 1665 guini
265 1590 401 1652 admixtus
412 1588 467 1660 est,
485 1587 711 1650 receditanaturs
725 1587 889 1666 vegetabilis
898 1623 909 1654 ‚·
918 1590 1021 1650 &tana

79 1700 80 1704 =
162 1666 208 1726 ’τὸ
230 1669 297 1744 plus·
309 1669 416 1728 accedit
436 1667 472 1730 ad
490 1681 617 1728 naturam
639 1667 790 1737 Animalis,
810 1665 857 1725 ubi
877 1665 949 1725 verb
971 1687 1021 1743 per

175 1747 262 1818 varias
280 1747 467 1808 circulationes
485 1759 608 1820 muratus
628 1745 666 1804 est
681 1747 707 1806 in
722 1763 855 1823 corpore,
874 1744 1020 1823 fastusque

177 1825 215 1884 est
232 1826 323 1904 liquor
342 1827 480 1896 animalis,
505 1838 574 1886 tunc
594 1837 710 1886 vocatur
721 1823 833 1908 sanguis.
851 1823 896 1882 hic
910 1823 1019 1901 sanguis

79 1927 83 1934 ·
177 1903 216 1962 est
228 1904 461 1964 universaliffimus
476 1905 579 1964 humor
591 1903 677 1964 totius
692 1905 828 1980 corporis,
847 1920 914 1961 nam
928 1921 967 1962 ex
982 1922 1017 1962 eo

109 2031 110 2040 ,
177 1999 277 2040 omnes
297 1978 394 2060 reliqui
413 1975 545 2042 humores
564 1982 721 2058 incorpore
735 1981 924 2050 deducuntur,
946 1983 1017 2041 &in

174 2058 334 2135 sanguinem
356 2059 491 2118 venosum
506 2059 680 2120 reducuntur.
720 2061 783 2120 Bilis
798 2077 890 2118 amara
904 2071 1016 2120 tantum

171 2133 283 2214 ‚duobus
300 2137 369 2197 locis
387 2138 529 2214 recipitur,
548 2137 604 2196 bilis
624 2137 715 2198 minus
727 2156 820 2198 amara
832 2149 943 2198 tanturn
959 2157 1016 2198 uno

174 2217 249 2276 loco.
270 2217 372 2276 Succus
383 2217 571 2276 Pancreaticus
590 2227 698 2278 tantum
716 2217 746 2277 in
765 2217 832 2276 binis
851 2214 919 2296 locis
938 2235 1015 2294 repe·

175 2295 262 2359 ritura
281 2293 370 2356 serum
395 2295 453 2372 lym
474 2296 527 2362 ha,
547 2295 651 2371 spiritus
671 2298 726 2354 &cr
746 2296 845 2354 iterum
868 2293 919 2354 suis
933 2296 1021 2374 locis,

176 2375 207 2432 δι
234 2384 265 2432 ut
289 2374 318 2431 in
346 2314 549 2450 ¹vegetabilibus
574 2373 689 2450 quidam
716 2373 846 2442 humores
872 2371 1015 2450 singulares

174 2452 282 2510 suntin
302 2451 464 2530 quibusdam
481 2452 569 2519 locis,
590 2449 627 2510 fic
647 2454 730 2512 etiam
748 2453 778 2510 in
797 2451 980 2512 Animalibus.

214 2529 297 2589 Hisce
314 2530 452 2605 praemillis
470 2528 528 2588 satis
547 2529 677 2590 duximus
696 2530 800 2594 dissum
822 2527 875 2588 else
894 2530 1015 2590 denam*

174 2606 203 2667 ri
222 2609 397 2686 objestorum
419 2607 554 2667 Chemiae.
595 2608 712 2672 Chemia
730 2609 850 2669 versatur
868 2609 941 2669 circa
957 2625 1032 2667 cor·¹

79 2700 82 2710 ’
175 2703 261 2764 pora,
279 2688 341 2746 haec
350 2688 456 2764 pertria
465 2703 548 2761 regna
557 2685 732 2758 dividuntur,
752 2688 814 2746 haec
823 2704 907 2762 regna
915 2688 1013 2746 iterum

174 2765 203 2824 in
223 2765 331 2832 classes,
351 2767 399 2824 has
418 2762 510 2824 classes
527 2760 703 2841 exposuimus
721 2764 852 2842 singulas,
871 2765 942 2832 suos
953 2783 1012 2843 pro·

174 2845 248 2922 prios
267 2843 433 2913 charasteres
452 2843 595 2915 dedimus,
615 2846 652 2903 ita
672 2863 709 2904 ue
721 2846 785 2902 haec
798 2839 924 2903 doslrina
936 2861 1012 2903 com·

173 2915 246 2999 plera
266 2922 303 2981 est
321 2921 461 2982 hadenus.
481 2921 547 2999 quid
567 2935 624 2995 erat
660 2963 668 2981 ,
688 2921 781 2982 emia?
801 2934 859 2981 erat
877 2940 919 2984 ars
933 2933 1031 2981 certas¹

87 3053 100 3064 ,
172 3001 305 3078 quasdam
319 3001 492 3077 operationes
509 3001 648 3060 instituens
661 3003 731 3060 circa
751 2999 880 3078 quaedam
889 3011 1011 3078 corpora,

173 3080 241 3154 quid
271 3081 332 3144 sunt
365 3077 575 3155 Operationes?
599 3080 773 3154 operationes
800 3079 830 3138 in
858 3079 1010 3155 corporibus

71 3166 76 3174 '
172 3167 283 3227 tantum
300 3157 361 3218 sunt
380 3157 543 3218 variationes
563 3158 608 3216 vel
624 3159 789 3220 mutationes
808 3158 939 3236 qiiaedam
953 3171 1008 3232 mo
1029 3179 1030 3188 ¹

173 3245 233 3304 tusa
253 3234 274 3294 fi
293 3236 452 3315 concepistis
469 3235 553 3322 semel
571 3235 686 3314 alquod
701 3237 868 3327 torpus'vel
884 3235 1008 3372 qaaedppr

908 3335 910 3343 ,
952 3332 967 3375 c
995 3333 1007 3354 ,
