2092 3654
171 159 235 232 270
259 144 338 214 on
361 125 728 218 rusrnumurtrrs'
748 147 965 224 enemim

167 244 249 312 fellat
259 251 382 323 lumine,
399 252 481 322 luce,
500 251 546 311 vel
559 252 673 320 colore„
686 267 753 310 nam
767 250 813 308 ubi
824 251 893 312 haec
909 255 971 314 tria
991 255 1030 322 ad

167 327 230 390 sunt
241 331 287 390 vel
295 341 387 391 ‘unum
401 349 436 390 ex
450 331 539 402 hisce,
560 331 666 408 semper
679 329 752 406 Ignis
763 329 853 401 adest,
872 347 953 392 nam
970 337 1030 398 md

166 409 209 468 lus
222 411 317 479 color,
335 410 409 472 nulla
422 409 487 482 lux,
508 409 613 468 nullum
625 409 721 484 lumen
734 413 870 468 excitatur
887 409 942 470 ubi
966 429 1030 487 per

165 487 239 546 secia
251 488 328 565 quies
342 489 460 558 est,non
471 489 588 548 memini
599 487 628 545 in
640 487 697 546 ullo
710 485 829 546 omnino
836 489 1030 566 experimen

166 576 199 625 to
211 567 269 626 hoe
281 566 419 638 constare,
438 575 537 626 verum
550 583 636 624 omne
642 580 748 642 corpus
761 585 883 642 opacum
898 566 931 626 in
940 585 1030 630 omn

169 643 235 704 loco
248 645 419 706 tenebricoso
431 645 476 704 vel
488 643 581 704 lucido
595 641 700 703 conteri
712 644 800 722 potest
812 657 844 703 ut
862 645 977 722 igniat,
987 691 994 698 „
1005 649 1031 710 ι’(

169 723 209 782 est
222 735 253 782 ut
264 723 401 800 splendeat
415 723 460 781 vel
471 722 561 782 luceat
574 724 604 780 &
616 735 693 793 urat,
712 741 765 782 nec
784 741 913 802 unquam
927 725 1031 800 potes

68 859 71 864 ,
171 801 245 877 Ignis
258 799 311 861 effe
324 801 423 879 absque
436 799 489 860 ulli
499 801 579 870 luce,
591 802 655 859 licet
669 801 748 860 nobis
760 801 924 862 nonvisrbili
932 845 942 872 ,
950 820 1031 868 nam

170 879 278 956 semper
291 878 328 938 est
338 880 385 939 lux
399 879 529 956 quaedam
543 881 587 937 vel
601 878 692 949 calor,
710 881 774 939 licet
787 895 846 939 non
859 893 976 950 mnne,
994 895 1031 944 ur

169 957 257 1018 sensus
276 957 382 1018 nostros
400 957 514 1028 afficiat,
534 955 647 1035 quando
666 959 834 1022 conterimus
852 961 881 1019 in
894 959 963 1018 vase
978 962 1031 1020 vi-

167 1049 229 1096 treo
250 1037 279 1095 in
297 1040 361 1095 ae're
372 1037 542 1096 tenebricoso
562 1036 745 1105 mercurium,
759 1037 846 1096 statim
863 1040 1031 1106 mercurium

169 1113 217 1174 dat
227 1115 339 1183 lumen,
359 1114 404 1175 sed
416 1113 436 1174 fi
447 1115 504 1175 hoc
516 1115 544 1174 in
555 1115 621 1174 loco
633 1114 727 1176 lucido
740 1115 788 1186 fit,
799 1113 873 1175 nulla
884 1115 937 1176 lux
952 1135 1031 1180 con-

168 1193 293 1270 spicinu,
313 1195 344 1253 ὃ(
364 1206 459 1254 tamen
480 1192 570 1264 adest,
589 1211 655 1253 nam
669 1195 688 1254 si
700 1195 782 1254 sumis
795 1211 891 1271 parurn
906 1213 1031 1257 mercu-

170 1273 219 1342 rii,
239 1284 271 1330 ut
290 1273 320 1331 dc
340 1289 437 1348 parum
457 1273 520 1330 vitri
540 1271 617 1348 puri,
637 1273 667 1332 ὅ(
680 1274 803 1333 conteris
811 1274 880 1332 inter
894 1272 939 1344 se,
960 1273 1027 1335 five

162 1349 290 1413 ,litffaliud
303 1350 468 1422 humidum,
487 1349 588 1410 lucebit
602 1352 632 1410 δι
645 1351 741 1412 calebit
748 1352 849 1410 vitrum
857 1350 931 1421 ,hoc
939 1351 1026 1415 idem

74 1449 76 1452 ·
171 1429 202 1489 in
219 1429 346 1489 saccharo
365 1431 395 1490 δι
408 1431 465 1488 aliis
476 1429 634 1506 corporibus
650 1431 801 1506 contingit,
820 1447 885 1508 quae
898 1447 1027 1507 corpora

172 1507 266 1587 qtdeta
293 1525 353 1567 non
377 1508 487 1578 lucent,
512 1507 559 1570 sed
577 1509 694 1568 connita
712 1508 826 1598 statim,
852 1515 951 1568 verum
974 1510 1025 1570 illa

171 1586 434 1744 {limittit
454 1585 1032 1744 irtnssllrltfftitltltlrl

175 1745 296 1806 calorem
316 1743 352 1805 ad
370 1745 604 1823 thermoscopium
617 1743 773 1822 conspicere
785 1741 942 1822 possumus,
962 1761 1022 1808 nec

172 1825 260 1884 ullum
275 1823 381 1901 iignum
397 1826 454 1902 ejus
469 1835 580 1901 apparet
597 1866 606 1893 ,
626 1824 656 1882 8c
668 1835 764 1883 tamen
775 1823 873 1894 lucet,
890 1824 956 1884 hinc
966 1823 1021 1887 lux

193 1903 262 1964 otest
273 1902 384 1964 excitari
395 1902 424 1961 in
438 1901 613 1976 corporibus,
630 1914 779 1979 antequam
798 1902 873 1962 calor
890 1901 1021 1965 sensibilis

171 1921 221 2042 Eat
238 1981 273 2041 ad
285 1978 435 2040 sensibilem
449 1979 656 2038 rarefaetionem
674 1995 836 2056 corporum.
873 1979 926 2041 Sed
937 1999 1019 2043 nunc

174 2072 271 2120 contra
284 2057 305 2118 fi
317 2057 400 2117 sumis
414 2057 474 2116 duo
486 2058 572 2117 smila
587 2057 648 2116 ferri
656 2058 687 2116 ὃ(
697 2060 816 2118 conteris
821 2059 850 2118 in
856 2065 918 2120 aire
924 2077 1018 2138 puro,

146 2159 150 2166 ’
172 2138 263 2209 licco,
282 2132 406 2196 maxime
419 2136 545 2196 calebunt
557 2147 707 2214 antequam
713 2135 887 2213 splendeant,
900 2137 1015 2216 spaulo

172 2219 231 2294 plus
251 2231 345 2292 urges,
363 2213 460 2276 sensim
478 2215 617 2293 splendere
637 2215 777 2292 incipiunt,
797 2215 873 2293 Ergo
893 2217 939 2277 lux
951 2233 1016 2280 non

85 2284 89 2296 '
172 2295 280 2371 semper
297 2294 429 2372 praecedit
445 2295 584 2364 calorem,
604 2311 657 2354 nec
676 2294 749 2355 calor
767 2293 876 2365 lucem,
894 2308 1012 2374 uterque

172 2387 267 2434 tamen
287 2373 394 2452 semper
412 2374 502 2444 adest,
521 2375 586 2433 licet
597 2391 657 2432 non
677 2374 714 2432 ita
727 2374 756 2432 ln
775 2373 949 2452 conspectum
962 2391 1013 2436 ca-

173 2449 247 2512 dant.
267 2453 314 2512 An
328 2452 401 2513 calor
413 2453 447 2514 ad
461 2451 697 2527 thermoscopium
715 2449 885 2528 cognoscitur
891 2471 923 2512 ex
937 2471 1012 2530 prae·

174 2529 259 2592 sentia
271 2530 358 2590 lucis?
379 2533 495 2592 omnino
506 2574 515 2602 ‚
526 2549 590 2604 nam
601 2548 660 2608 quo
668 2529 1010 2607 major&vdidiorcalor,

174 2627 211 2670 eo
230 2610 346 2670 validior
365 2610 431 2680 lux,
451 2611 495 2668 sed
516 2627 574 2673 non
593 2609 682 2686 potest
702 2609 777 2668 calor
795 2608 958 2686 deprehendi
971 2630 1010 2673 ex

174 2689 273 2766 majori
292 2688 339 2747 vel
358 2688 460 2747 minori
477 2687 563 2756 luce,
585 2687 615 2747 &
635 2687 752 2766 proinde
768 2687 842 2746 calor
860 2687 893 2747 ad
912 2707 1008 2753 meum

146 2830 148 2839 A
172 2767 278 2828 sensum
298 2766 364 2826 nihil
383 2767 552 2827 determinat.
566 2767 622 2826 hoc
635 2777 711 2844 patet
723 2765 832 2825 duobus
843 2767 1007 2844 experimen·

162 2847 215 2907 ¹tis.
254 2843 379 2922 Quando
398 2845 427 2905 ln
446 2845 596 2922 plenilunio
615 2857 744 2923 tempore
765 2844 861 2904 sereno
884 2857 913 2907 ut
928 2847 1007 2908 facile

173 2925 264 3002 legere
284 2923 382 3001 possis,
402 2925 505 3002 colligis
524 2942 573 3001 per
593 2924 661 2984 vitra
680 2923 770 2984 radios
786 2923 862 2984 lunae
873 2924 900 2984 in
918 2942 1003 2988 unum

173 3005 272 3064 focum
294 3005 323 3062 &
342 3014 410 3062 tunc
428 3003 544 3080 applicas
562 3000 798 3079 thermoscopium
817 2999 853 3062 ad
871 3003 939 3062 illum
959 3005 1002 3064 so-

174 3087 313 3151 cum,ac'›2r
328 3081 410 3141 nullo
429 3082 520 3142 modo
539 3080 653 3140 rarescet
665 3079 725 3159 plus
745 3079 1004 3160 ibiquaminaliislo-

149 3211 150 3220 ,
174 3159 230 3236 cir,
250 3159 406 3248 sedtamen
415 3179 475 3223 non
494 3159 678 3234 abar-calor,
696 3158 742 3223 sed
759 3159 851 3226 omni
864 3161 911 3222 lux
924 3159 1005 3301 cipp:
