2068 3676
98 259 403 339 CAPUT
447 145 931 342 SEPTIMUS?

52 387 126 454 DE
151 386 543 538 lNSTRUMEN'gffi
561 387 756 457 CHEMlAE
777 389 828 456 lN
841 389 933 460 SPE·
993 477 995 484 y

292 571 524 638 TITULUS
546 571 725 640 PRIMUS

372 677 447 737 DE
485 677 499 738 l
520 681 547 753 G
567 681 597 740 N
616 679 648 739 E.

58 777 246 918 Olijeela
270 776 341 836 artis
369 773 498 834 Chemiae
519 793 569 852 per
591 776 766 852 operationes
785 773 935 840 redduntur

146 858 289 934 cognita,
305 855 336 914 id
359 853 398 912 cll
416 856 619 928 cognoscuntur
633 855 740 914 intirnae
755 873 853 922 eorum
868 876 934 934 pro.

62 935 197 1009 prietates
222 939 258 996 δι
285 933 362 992 vires
381 931 411 990 &
430 935 615 1002 mutationes,
634 933 680 992 sed
702 935 746 996 lar
760 937 935 1011 operationes

73 1011 135 1069 lieri
148 1016 260 1075 debent
274 1029 329 1087 per
342 1010 520 1086 instrumenta
534 1031 562 1071 v:
579 1029 606 1090 gr
621 1010 641 1070 sr
655 1014 723 1072 volo
736 1013 827 1073 facere
841 1028 935 1076 muta·

76 1089 177 1154 tionem
200 1094 339 1171 aliquam
360 1089 388 1148 in
402 1089 494 1166 aliquo
507 1109 626 1167 corpore
639 1093 800 1168 vegetabili,
819 1111 934 1170 expono

66 1167 135 1228 aliud
147 1190 261 1248 corpus
277 1168 354 1243 igni,
375 1171 404 1228 ὃ(
423 1171 537 1228 extraho
558 1188 592 1228 ex
604 1169 651 1229 illo
665 1171 810 1248 vegetabili
825 1172 935 1250 sulphrn

0 1202 4 1325 Ι
67 1265 136 1308 curn
155 1251 214 1310 luo
238 1247 354 1326 spiritu,
376 1247 497 1308 crederes
517 1249 582 1310 illud
595 1249 703 1326 sulphur
716 1268 778 1310 non
786 1249 935 1324 haelillein

66 1326 117 1386 illo
138 1325 319 1406 vegetabili,
339 1327 417 1404 quod
436 1339 530 1402 tamen
550 1343 604 1404 ope
622 1329 752 1386 Chemiae
772 1329 871 1390 educo.
895 1329 935 1390 fic

0 1394 5 1539 y
72 1403 152 1466 lumo
174 1427 209 1468 v:
236 1424 266 1484 g:
287 1403 367 1466 libras
387 1419 499 1466 centurn
514 1405 668 1476 Absrnrlni,
686 1405 825 1466 ¹comburo
839 1407 935 1470 valido

64 1482 150 1560 igne,
171 1487 291 1546 cineres
310 1484 467 1544 combustos
489 1485 579 1555 elixo,
599 1497 666 1544 tunc
684 1485 766 1554 salem
788 1485 865 1546 illurn
880 1489 936 1550 cal·

69 1564 154 1636 cino,
176 1567 214 1625 &
229 1562 337 1624 reduco
349 1563 424 1623 hunc
436 1563 519 1623 salem
535 1563 570 1623 ad
582 1561 724 1622 summum
742 1563 825 1623 alcali.
846 1568 877 1626 δι
890 1567 934 1630 su.

68 1659 123 1702 mo
143 1644 223 1704 inde
244 1642 356 1702 succum
371 1640 541 1718 expreffunr,
558 1642 587 1700 in
601 1659 659 1719 quo
674 1641 777 1716 spiritus
790 1641 820 1699 &
835 1644 933 1708 oleum
958 1668 963 1686 r

67 1719 183 1793 naerct‚
205 1723 240 1781 ὃ(
260 1734 379 1781 contero
397 1733 465 1780 trane
486 1737 551 1777 curn
569 1720 626 1777 hoc
644 1717 697 1776 lale
717 1717 774 1777 fixo
791 1721 821 1778 ὅ(
839 1721 934 1797 separo
1029 1755 1032 1758 ·

69 1799 238 1872 filtrando,
262 1801 322 1877 jann
343 1798 434 1860 habeo
453 1797 585 1874 saponem
604 1811 703 1855 verum
716 1795 878 1874 Absynclnii,
897 1801 937 1866 ita

69 1878 218 1942 Chemici
239 1897 256 1938 a
277 1878 454 1956 corporibus,
473 1895 539 1954 quae
561 1887 668 1936 mutare
691 1875 813 1951 volunt,
829 1882 935 1958 patefa-

68 1959 154 2020 ciunt
165 1957 247 2019 vires
261 1957 291 2016 &
304 1975 392 2018 noves
405 1956 542 2027 educunt,
563 1957 593 2015 &
604 1952 656 2016 hic
667 1957 774 2020 radone
782 1975 934 2038 corporum

71 2052 193 2100 naturae
210 2039 242 2096 &
255 2035 325 2100 vires
339 2034 419 2096 antei
434 2036 584 2113 incognitae
597 2035 779 2096 innotescunt.

115 2121 207 2196 Ergo
219 2117 342 2193 primurn
356 2114 503 2190 agendum,
513 2115 547 2174 de
562 2114 747 2175 Instrumentis
761 2117 891 2178 Cherniae
905 2121 935 2190 in

70 2198 184 2276 specie.
228 2195 443 2255 lnstrumentum
460 2195 617 2254 chemicum
633 2207 750 2253 vocatur
764 2198 819 2252 tale
832 2209 936 2276 corpus,

73 2273 256 2356 quodfacil?
269 2277 364 2350 accipit
376 2286 457 2330 morus
470 2275 594 2350 quosdam
600 2271 634 2327 ab
640 2274 702 2329 aliis
708 2276 865 2352 corporibus,
873 2295 938 2352 qam

74 2368 168 2412 motus
204 2353 321 2432 applicat
348 2355 387 2410 ad
416 2367 526 2430 corpm
552 2351 683 2410 mutanda
709 2353 741 2415 ἁ
767 2355 938 2435 tnles'effec-
1012 2389 1016 2399 ·

73 2447 123 2492 rus
170 2435 208 2496 dr
254 2435 415 2490 mutationes
458 2433 490 2489 in'
526 2433 560 2488 iis
597 2432 747 2508 corporibus
789 2436 940 2512 prognem.
1017 2489 1021 2497 ,

75 2516 163 2582 das,
199 2516 292 2586 quales
311 2531 359 2568 ars
375 2507 575 2589 proscripserat
587 2509 656 2588 fieri
675 2511 777 2570 debere.
807 2514 863 2576 hoc
883 2535 938 2576 vo.

76 2609 167 2656 catur
195 2589 412 2650 Instrumentum
435 2591 581 2661 Chemrae,
606 2608 681 2650 nunc
699 2592 819 2668 primum
840 2593 944 2658 Instru-

76 2684 223 2734 mentum
245 2669 282 2728 est
299 2670 388 2746 Ignis,
407 2687 472 2730 narn
489 2670 535 2728 hic
563 2669 601 2729 est
621 2669 835 2732 Inllrurnemum
857 2675 943 2738 rotiua

77 2767 218 2820 naturae,
238 2749 295 2807 hoc
316 2749 395 2817 facile
417 2747 634 2819 demonstratur,
651 2751 716 2827 quia
734 2745 784 2810 'ubi
798 2752 870 2828 lgnis
882 2763 944 2814 tam

0 2775 3 2886 l
77 2847 192 2912 parvus
207 2827 264 2896 est,
284 2837 314 2884 ut
328 2845 379 2886 nos
390 2845 448 2886 non
465 2827 595 2904 possimus
609 2828 710 2888 rninori
724 2827 804 2904 copii
819 2827 945 2902 reddere,

77 2927 156 2972 tunc
171 2905 272 2966 omnia
287 2905 429 2982 quiescunt
443 2908 605 2973 &immota
621 2918 751 2976 manent,
772 2907 809 2966 src
827 2923 897 2980 aqua
911 2925 945 2970 u-

0 2973 2 3056 l
77 3009 122 3050 no
138 2995 299 3048 momento
312 2983 431 3060 stagnat,
448 2985 626 3058 coagalatum
640 2985 781 3046 induratur
793 2983 948 3064 speciegla7

78 3069 157 3135 ciel,
178 3063 218 3122 src
232 3061 328 3121 oleum
345 3064 480 3124 &omnia
495 3065 553 3124 fere
566 3062 669 3140 liquida
682 3061 819 3144 oleosafl&
831 3067 943 3142 aquosa,
960 3121 964 3128 ,

0 3161 2 3288 p
80 3142 214 3222 exceptis
236 3140 346 3218 pauci,
366 3141 395 3204 &
413 3141 478 3206 ideo
497 3160 557 3284 olon
577 3138 689 3219 possunt
708 3141 771 3232 haec
790 3157 870 3221 agere
888 3159 943 3206 nec

561 3238 582 3296 4
802 3285 806 3290 .
876 3234 942 3280 11²⁰·
