2150 3674
313 199 317 208 '
357 215 377 263 c
410 217 436 266 H
467 219 489 264 z
521 216 554 264 aa
585 218 602 264 1
636 217 688 266 aa,
855 201 857 208 “
918 214 949 287 '²3

76 327 178 388 oieum
191 321 240 384 seu
251 319 361 399 sulphur
374 327 551 404 plantaeest,
562 327 693 406 adeoque
700 325 735 389 sai
750 329 831 392 facile
843 331 939 394 educi·
1048 359 1054 366 ¹

76 417 125 463 tur
142 419 210 462 cum
223 399 297 476 aqiid
310 417 370 460 non
383 413 452 462 'vero
473 406 590 474 oleum,
609 405 672 462 alias
692 407 768 464 enim
790 423 849 468 non
869 425 939 470 con·

80 479 167 555 cipiet
188 475 354 546 flammam,
380 477 494 556 aliquod
507 482 584 540 enim
605 479 802 540 inflammabile
817 485 854 542 eii
876 483 941 544 oie&

50 617 52 624 .
79 572 153 624 um,
180 551 259 628 Ergo
279 551 347 610 oieo
370 553 482 629 expulso
501 553 640 615 reiiduum
656 557 707 615 erit
733 558 883 619 candidum
895 561 941 620 in-

81 630 136 692 star
154 628 243 698 nivis,
264 629 366 706 ignitus
379 632 473 710 itaque
487 633 541 692 erit
554 632 602 692 hic
612 631 762 715 procedas.
776 677 779 684 .
871 645 878 691 2

115 883 470 1024 nnocassus
526 807 902 1006 Quinctia.
941 826 1022 1001 ζ

85 1111 246 1246 Restdui
258 1117 444 1258 processus
457 1105 626 1218 Secundi
643 1123 803 1245 Exuflia
818 1128 861 1224 ἐπ’
873 1127 946 1223 εἰ·

95 1277 101 1286 ’
221 1277 338 1358 'naras
370 1293 512 1362 terreos
534 1273 585 1378 ὅ
599 1267 781 1396 infidsos,
835 1343 856 1356 .-
943 1375 947 1382 ,

87 1491 203 1638 Quid
215 1499 308 1559 herbae
321 1494 357 1558 ad
368 1497 463 1560 lenem
477 1501 571 1576 ignem
589 1501 743 1578 patiantur,
759 1499 943 1561 nanenusvia

160 1578 268 1646 dimus,
303 1575 942 1664 uidperaquam&ignemebulliendoQuid

161 1652 227 1712 iilud
234 1593 461 1715 ebudiitumaieni
469 1653 533 1728 igne
549 1652 636 1712 rursus
643 1653 769 1727 patiatur,
777 1654 942 1726 pantetnam
954 1714 956 1718 .

41 1741 46 1749 ‘
84 1730 154 1811 quid
167 1727 275 1788 residuo
289 1727 397 1803 decocti
405 1728 433 1785 in
440 1731 506 1802 igne
514 1741 610 1802 aperto
626 1725 952 1804 contingatvidendnm.⁴
1028 1783 1033 1791 .

127 1807 154 1870 §.
170 1802 485 1880 1.1d,quodadecocto
499 1803 601 1880 plantae
614 1803 702 1872 restat,
717 1803 773 1861 leni
786 1803 851 1878 igne
858 1801 945 1861 exsic-

47 1950 50 1955 ⁴
85 1893 182 1942 catum
195 1878 214 1938 fi
251 1879 391 1939 ramsuam
400 1882 515 1950 retinet,
530 1877 819 1954 caeteruminfipidum
833 1879 942 1938 nntium

84 1957 207 2017 odorem
233 1949 945 2033 abet‚&inerseit,suaefiguraetenax,du0dociilis
1050 1955 1054 1964 “

84 2045 216 2110 apparet,
231 2031 435 2090 &alias'nuilas
450 2032 533 2089 habet
547 2035 660 2106 virtutes
680 2049 765 2109 quam
788 2049 815 2089 v.
836 2048 861 2108 g.
882 2050 944 2091 are-

80 2125 139 2178 na,
152 2109 208 2168 hoc
221 2107 296 2183 Ergo
312 2103 451 2166 r‘es1duum
465 2105 495 2164 in
510 2107 572 2165 vase
587 2109 679 2166 ferreo
692 2105 801 2165 mundo
815 2105 871 2177 igni
883 2105 944 2166 sine

81 2185 169 2244 fumo
193 2195 364 2258 exponatur,
380 2182 455 2257 (alias
468 2179 487 2238 sl
501 2183 595 2241 fumus
609 2180 737 2252 accedat,
758 2180 944 2258 aliquidsaiini

81 2273 212 2320 remanet
224 2259 258 2316 ab
270 2261 326 2318 hoc
340 2261 425 2316 sumo
445 2257 510 2318 iicet
529 2275 650 2334 paucum
668 2258 697 2315 ὅτ
711 2259 839 2333 piceum,
863 2258 944 2336 quod

84 2336 206 2396 turbabit
220 2334 436 2410 operationem)
458 2345 490 2392 ut
511 2334 626 2394 candeat
645 2333 680 2392 ad
707 2335 819 2409 ignem,
841 2335 944 2406 iuceat,

84 2413 199 2480 fumet,
214 2411 327 2479 faeteat,
342 2409 488 2477 flammam
503 2409 772 2486 concipiantandem
779 2409 943 2470 scintillet&

83 2488 193 2548 fatiscat
209 2487 238 2544 in
253 2486 358 2544 cineres
372 2485 448 2544 albos
468 2488 633 2545 tenerrimos
647 2481 773 2564 quidem,
785 2484 862 2546 sedfi
881 2494 942 2546 urae

58 2566 63 2579 '
81 2557 142 2622 suae
155 2563 246 2648 adhuc
258 2571 370 2622 tenaces
378 2585 387 2630 ;
401 2561 458 2621 hoc
472 2561 557 2621 docet
569 2563 665 2622 oleum
680 2581 768 2624 omne
788 2579 840 2640 per·
856 2503 944 2622 deco·

82 2639 213 2698 ctionem
227 2654 288 2710 ina
309 2653 344 2694 ua
357 2653 418 2696 non
431 2637 553 2698 ablatum
572 2637 669 2711 fuiffe,
688 2639 757 2698 hinc*
772 2637 941 2710 scintillabit,

80 2714 180 2774 donec
194 2653 408 2798 omneduiphur
421 2712 618 2799 deflagraverit.
856 2759 857 2763 ,
913 2787 922 2800 1
970 2716 974 2719 ”

122 2791 149 2856 §.
164 2808 190 2849 2.
209 2789 250 2848 Hi
259 2804 363 2846 cineres
376 2786 483 2863 insipidi
497 2790 559 2848 sunt
572 2791 602 2851 δι
629 2790 741 2850 inodori
754 2804 787 2850 ut
799 2805 893 2855 arena,
912 2803 943 2848 m

78 2883 156 2944 aqua
169 2864 265 3000 difesti
284 2863 413 2940 quamvis
435 2859 598 2936 diutiffime{
622 2867 662 2925 nil
674 2880 769 2925 tannen
784 2865 842 2924 salis
860 2862 943 2922 relin-

80 2955 177 3021 quunt
201 2941 236 3000 ed
249 2953 352 3000 terram
366 2941 551 3000 tenuiffimam
565 2940 702 3000 exhibent.

121 3019 190 3095 §.·3.
209 3017 254 3076 Ex
273 3014 346 3074 hisce
367 3013 518 3092 sequuntur
544 3017 677 3095 quaedam
698 3014 857 3090 corollaria:

120 3088 659 3170 Coroll.1.vasas01ida·p1n1taeorbata
674 3093 757 3151 omni·
769 3105 807 3149 eo
818 3089 899 3166 quod
907 3087 941 3149 ¹in

73 3186 152 3250 aqua
166 3169 238 3255 solvi
249 3165 352 3250 potest,
369 3166 428 3232 duo
442 3170 597 3234 continent.
632 3169 730 3252 trimo
740 3165 941 3304 infiammfagitlia
