2108 3684
139 203 290 311 2‘24·
382 217 485 296 ‚ou
527 185 707 293 nina·

138 327 259 394 moniaci
272 325 383 407 plenam
397 343 519 406 apertam
530 371 540 402 ,
550 331 616 392 nihil
625 341 754 409 apparet,
768 327 853 394 misce
859 329 931 395 haec
956 331 1032 399 in·

137 412 227 480 rarle,
246 409 333 472 statim
344 411 431 470 oritur
444 429 531 488 vapor
543 415 573 472 &
586 429 686 489 magna
698 411 784 471 nubes
796 413 825 472 in
845 432 882 473 eo
902 416 997 476 loco
1013 463 1035 490 ,

139 491 169 548 te
182 507 282 566 magna
295 490 416 566 agitatio.
436 489 573 556 Videmus
587 493 652 550 hinc
665 505 800 570 quatenus
815 492 876 552 Aer
887 494 1033 570 plenus

11 611 13 618 κ
55 609 56 613 =
139 569 178 631 est
192 567 302 628 divertis
317 569 549 640 exhalationibus,
570 585 682 644 eatenus
707 567 778 646 saepe
798 573 899 631 excitat
920 591 1027 633 mo·

137 644 182 710 t'us
198 649 400 723 &agitationes
414 651 557 724 ingentes,
576 651 651 710 ut&
664 649 831 717 mutationes
845 652 1019 712 maximas

137 727 218 790 antei
234 745 293 785 non
306 725 447 802 praevisas,
468 729 497 786 bc
517 727 584 788 facit
601 728 733 807 quaedam
751 746 894 806 apparere,
917 748 1017 809 quae

138 821 294 876 anteaffnon
308 806 481 881 apparebant.
578 833 580 838 s

176 885 250 962 Ergo
265 902 323 942 non
337 883 437 943 mirum
452 883 490 943 est
503 883 612 962 objecia
626 881 770 957 chemica,
784 884 876 946 iisdem
884 883 1007 946 instru-

90 1033 93 1040 ¹
135 967 252 1033 mentis,
273 961 375 1022 eodem
387 963 473 1039 gradu
485 965 570 1040 ignis,
590 964 619 1023 in
639 966 743 1026 eodem
763 965 1005 1039 memphens-

135 1043 199 1102 dem
209 1041 298 1102 causas
305 1043 414 1118 agitata,
429 1042 539 1102 diversis
553 1045 734 1120 temporibus,
743 1063 806 1122 ,non
819 1057 915 1104 tamen
925 1045 1007 1106 eoi:-

135 1119 201 1196 d'em
222 1120 334 1188 effecius
347 1121 446 1180 habere
454 1145 463 1190 ;
484 1123 549 1182 hinc
565 1124 594 1182 in
610 1121 785 1184 conficiundi
798 1119 888 1200 aliqui
915 1139 1006 1199 ope-

129 1202 238 1260 ratione
253 1197 376 1267 chemici
388 1199 513 1262 maximi
525 1203 725 1280 attendendum
733 1201 770 1260 est
777 1201 810 1260 ad
817 1201 1007 1278 atmosphae·

132 1263 1001 1362 tamlle‘risinaliquolocoidestiniaboratoriocontenti,nam

133 1357 296 1439 itnpoffibile
311 1359 347 1416 est
361 1358 469 1428 dicere,
486 1376 521 1418 an
536 1357 636 1436 aliquid
650 1359 816 1418 ev'eiiturum
831 1357 864 1417 sit
877 1359 1000 1420 eodem

134 1438 224 1498 modo
250 1441 280 1497 ὃ(
305 1435 425 1498 successu
445 1451 476 1498 ut
495 1449 573 1505 ante,
599 1437 706 1496 ratione
724 1437 861 1516 varietatis
881 1438 997 1510 Aeris,

133 1532 201 1578 nam
222 1516 334 1577 fimulac
352 1517 412 1578 A'e'r
428 1515 511 1594 pauli>
532 1527 652 1575 mutatus
672 1515 726 1586 est,
743 1533 782 1572 no
855 1515 907 1574 test
922 1519 999 1576 eos-

125 1593 201 1668 dem
216 1596 330 1657 effectus
344 1614 393 1672 per
405 1596 512 1656 easdem
535 1593 641 1664 causas,
660 1593 725 1653 licet
743 1593 815 1652 sum'
869 1595 995 1658 cauteld

132 1673 270 1744 adhibiti,
286 1677 313 1735 in
326 1675 420 1736 iisdem
436 1671 548 1752 objetiis
562 1673 723 1750 producere.
750 1669 855 1730 Sicsrm
871 1671 995 1750 hoelo.

134 1771 171 1830 co
188 1776 264 1818 1000
277 1755 405 1814 homines
419 1751 521 1824 ellent,
541 1753 601 1812 A'e't
615 1751 680 1813 effet
692 1753 786 1830 plenus
793 1749 989 1812 exhalationi-

131 1832 182 1894 bus
201 1836 248 1894 seu
267 1833 459 1908 perspiratione
482 1831 673 1900 Sanctotiani,
695 1835 725 1891 ὃ(
744 1829 764 1888 fi
783 1829 844 1906 quis
864 1829 988 1892 haberet

130 1929 232 1976 canem
245 1910 440 1986 odorisequum
463 1911 493 1968 δι
513 1907 704 1988 pedissequum
724 1907 857 1976 bonum,
885 1908 986 1970 distin·

129 2001 197 2064 guet
209 1988 253 2048 ille
266 1985 375 2062 praecise
387 1985 467 2046 suum
486 1987 584 2046 herum
599 1989 632 2048 ab
646 1985 773 2046 omnibus
787 1987 859 2055 aliia,
872 2005 921 2064 per
933 1989 984 2048 so·

128 2067 189 2128 lum
199 2065 342 2134 odorem,
361 2082 420 2142 quo
433 2065 604 2142 prosequitur
618 2067 675 2142 ejus
687 2065 890 2138 exhalationes,
909 2084 982 2144 ergo

130 2147 193 2206 A'e'r
208 2143 244 2204 est
256 2145 341 2220 longe
354 2142 471 2205 diversus
484 2162 501 2203 a
512 2146 578 2204 loco
592 2146 639 2204 ubi
657 2161 732 2202 1000
744 2144 874 2202 homines
887 2143 979 2216 lutire,
1036 2141 1037 2146 ’

122 2219 218 2302 'quam
232 2223 279 2282 ubi
292 2222 358 2282 nulli
370 2249 384 2294 a
398 2225 428 2283 ὃ(
441 2226 503 2284 haec
517 2223 554 2282 est
566 2223 692 2299 primaria
711 2219 808 2291 causa,
828 2240 912 2300 quare
925 2223 978 2282 sae-

129 2302 240 2378 piffimu
256 2302 446 2380 experimenta
468 2301 588 2362 eundem
610 2313 745 2358 eventum
771 2301 801 2359 &
824 2297 977 2364 successum
1037 2367 1038 2370 Ἴ

130 2400 190 2440 non
204 2380 306 2442 habent
318 2381 348 2442 in
359 2383 453 2442 iisdem
467 2379 633 2454 corporibus.
1008 2375 1039 2480 *p

170 2463 318 2536 Quatenus
330 2463 391 2522 A'e‘r
405 2462 442 2520 est
455 2458 569 2528 fluidus,
590 2457 666 2516 mole
674 2456 779 2533 grauis,
798 2457 911 2519 materie
919 2458 977 2520 ela-

128 2537 974 2614 sticus,exhalantibuscorporibusimpraegnatus‚&magnam

131 2617 243 2695 copiam
256 2620 325 2698 ignis
337 2619 435 2680 habet.
456 2615 583 2692 plurimas
595 2617 657 2676 sane
671 2616 838 2676 mutationes
859 2617 924 2675 facit
942 2619 974 2679 in

132 2699 338 2774 operationibus
357 2695 501 2766 chemicis,
519 2713 584 2772 quae
602 2695 678 2756 aliter
699 2713 759 2755 non
771 2694 883 2766 fierent,
901 2713 928 2752 v:
942 2715 971 2774 g:

130 2775 152 2836 sr
165 2777 247 2838 sumis
260 2776 458 2853 camphoram,
477 2776 556 2851 ponis
568 2777 597 2834 in
610 2775 672 2835 vase
683 2791 766 2834 aeneo
787 2773 876 2834 clauso
895 2773 973 2850 supra

128 2855 241 2934 ignem,
260 2855 360 2914 fitunc
372 2855 458 2930 aperis
472 2872 535 2922 vas,
556 2867 614 2914 tota
628 2853 778 2930 camphora
789 2853 877 2928 specie
895 2854 972 2915 vola·

130 2937 182 2996 tilis
197 2934 303 3012 pinguis
314 2933 371 2994 salis
382 2935 505 3003 exhalat,
524 2937 553 2994 &
566 2934 633 2994 nihil
646 2933 681 2991 de
689 2931 813 3008 pondere
824 2933 969 2994 iereamit·

130 3014 180 3084 tit,
199 3015 245 3088 sed
258 3012 469 3090 sicamphoram
485 3013 521 3071 fic
534 3012 729 3088 sublimamus,
742 3013 772 3069 &
786 3011 891 3071 accedis
905 3029 967 3074 cum

111 3107 118 3116 ··
131 3091 259 3161 candeli,
277 3107 336 3152 tota
351 3095 501 3169 camphora·
510 3093 598 3151 statim
619 3091 759 3150 flammam
776 3089 966 3167 concipiet‚·fi

130 3170 259 3245 supponis
273 3172 459 3242 alemlu'cum,
477 3173 619 3248 fuliginem
635 3169 810 3245 nigerrimam
832 3169 964 3230 contrahit

128 3247 295 3324 alembicus,
314 3255 345 3312 δε
359 3263 420 3314 tota
434 3252 584 3330 camphora
598 3245 734 3310 evanescit
746 3248 872 3316 inauras;
892 3246 964 3390 fiii}
