<?xml version="1.0" encoding="UTF-8"?>
<!DOCTYPE html PUBLIC "-//W3C//DTD XHTML 1.0 Transitional//EN"
    "http://www.w3.org/TR/xhtml1/DTD/xhtml1-transitional.dtd">
<html xmlns="http://www.w3.org/1999/xhtml" xml:lang="en" lang="en">
 <head>
  <title>
</title>
<meta http-equiv="Content-Type" content="text/html;charset=utf-8" />
  <meta name='ocr-system' content='tesseract 3.04.00' />
  <meta name='ocr-capabilities' content='ocr_page ocr_carea ocr_par ocr_line ocrx_word'/>
</head>
<body>
  <div class='ocr_page' id='page_1' title='image "./hermanniboerhaa01boergoog_0542.png"; bbox 0 0 2048 3638; ppageno 0'>
   <div class='ocr_carea' id='block_1_1' title="bbox 170 91 880 236">
    <p class='ocr_par' dir='ltr' id='par_1_1' title="bbox 170 91 880 236">
     <span class='ocr_line' id='line_1_1' title="bbox 170 91 880 236; baseline -0.035 -17"><span class='ocrx_word' id='word_1_1' title='bbox 170 159 228 236; x_wconf 83' lang='lat'>236</span> <span class='ocrx_word' id='word_1_2' title='bbox 336 217 341 220; x_wconf 57' lang='grc'>,</span> <span class='ocrx_word' id='word_1_3' title='bbox 401 91 880 208; x_wconf 28' lang='lat' dir='ltr'>onerarium-ur*</span> 
     </span>
    </p>
   </div>
   <div class='ocr_carea' id='block_1_2' title="bbox 206 337 958 668">
    <p class='ocr_par' dir='ltr' id='par_1_2' title="bbox 206 337 958 668">
     <span class='ocr_line' id='line_1_2' title="bbox 206 337 958 464; baseline -0.029 -9"><span class='ocrx_word' id='word_1_4' title='bbox 206 361 568 464; x_wconf 73' lang='lat' dir='ltr'>processus</span> <span class='ocrx_word' id='word_1_5' title='bbox 614 337 958 436; x_wconf 79' lang='lat' dir='ltr'>vlnusnuus</span> 
     </span>
     <span class='ocr_line' id='line_1_3' title="bbox 425 565 752 668; baseline -0.024 -20"><span class='ocrx_word' id='word_1_6' title='bbox 425 565 752 668; x_wconf 73' lang='lat' dir='ltr'>Quunrun</span> 
     </span>
    </p>
   </div>
   <div class='ocr_carea' id='block_1_3' title="bbox 333 781 850 915">
    <p class='ocr_par' dir='ltr' id='par_1_3' title="bbox 333 781 850 915">
     <span class='ocr_line' id='line_1_4' title="bbox 333 781 850 915; baseline -0.012 -26"><span class='ocrx_word' id='word_1_7' title='bbox 333 781 412 890; x_wconf 82' lang='lat' dir='ltr'>De</span> <span class='ocrx_word' id='word_1_8' title='bbox 446 793 559 886; x_wconf 88' lang='lat' dir='ltr'>Sero</span> <span class='ocrx_word' id='word_1_9' title='bbox 597 785 850 915; x_wconf 75' lang='lat' dir='ltr'>Sanguinis,</span> 
     </span>
    </p>
   </div>
   <div class='ocr_carea' id='block_1_4' title="bbox 57 1017 993 1135">
    <p class='ocr_par' dir='ltr' id='par_1_4' title="bbox 57 1017 993 1135">
     <span class='ocr_line' id='line_1_5' title="bbox 57 1017 993 1135; baseline -0.026 -15"><span class='ocrx_word' id='word_1_10' title='bbox 57 1057 60 1063; x_wconf 84' lang='grc'><strong><em>·</em></strong></span> <span class='ocrx_word' id='word_1_11' title='bbox 176 1035 316 1126; x_wconf 77' lang='lat' dir='ltr'>Serum</span> <span class='ocrx_word' id='word_1_12' title='bbox 346 1020 562 1135; x_wconf 79' lang='lat' dir='ltr'>Sanguinis·</span> <span class='ocrx_word' id='word_1_13' title='bbox 588 1043 655 1098; x_wconf 83' lang='lat' dir='ltr'>nec</span> <span class='ocrx_word' id='word_1_14' title='bbox 695 1017 851 1104; x_wconf 81' lang='lat' dir='ltr'>acidum</span> <span class='ocrx_word' id='word_1_15' title='bbox 876 1018 928 1126; x_wconf 71' lang='lat' dir='ltr'>est</span> <span class='ocrx_word' id='word_1_16' title='bbox 954 1050 993 1104; x_wconf 75' lang='lat' dir='ltr'>nn</span> 
     </span>
    </p>
   </div>
   <div class='ocr_carea' id='block_1_5' title="bbox 385 1225 779 1337">
    <p class='ocr_par' dir='ltr' id='par_1_5' title="bbox 385 1225 779 1337">
     <span class='ocr_line' id='line_1_6' title="bbox 385 1225 779 1337; baseline -0.036 -23"><span class='ocrx_word' id='word_1_17' title='bbox 385 1333 388 1337; x_wconf 18' lang='grc' dir='ltr'>ι</span> <span class='ocrx_word' id='word_1_18' title='bbox 464 1225 704 1322; x_wconf 66' lang='lat' dir='ltr'>&#39;eleusinum⁸</span> <span class='ocrx_word' id='word_1_19' title='bbox 776 1229 779 1234; x_wconf 82' lang='grc'><strong>“</strong></span> 
     </span>
    </p>
   </div>
   <div class='ocr_carea' id='block_1_6' title="bbox 136 1505 1011 3320">
    <p class='ocr_par' dir='ltr' id='par_1_6' title="bbox 136 1505 1011 3320">
     <span class='ocr_line' id='line_1_7' title="bbox 147 1505 1001 1686; baseline -0.03 -91"><span class='ocrx_word' id='word_1_20' title='bbox 147 1555 158 1558; x_wconf 73' lang='grc'><em>“</em></span> <span class='ocrx_word' id='word_1_21' title='bbox 183 1540 209 1611; x_wconf 83' lang='lat'>§.</span> <span class='ocrx_word' id='word_1_22' title='bbox 227 1523 495 1686; x_wconf 76' lang='lat' dir='ltr'>nExaminandus</span> <span class='ocrx_word' id='word_1_23' title='bbox 513 1525 575 1604; x_wconf 82' lang='lat' dir='ltr'>jam</span> <span class='ocrx_word' id='word_1_24' title='bbox 597 1519 635 1580; x_wconf 83' lang='lat' dir='ltr'>est</span> <span class='ocrx_word' id='word_1_25' title='bbox 656 1519 838 1588; x_wconf 89' lang='lat' dir='ltr'>humorille,</span> <span class='ocrx_word' id='word_1_26' title='bbox 856 1515 928 1578; x_wconf 86' lang='lat' dir='ltr'>unde</span> <span class='ocrx_word' id='word_1_27' title='bbox 948 1505 1001 1570; x_wconf 58' lang='lat' dir='ltr'>erut</span> 
     </span>
     <span class='ocr_line' id='line_1_8' title="bbox 306 1597 1000 1690; baseline -0.03 -22"><span class='ocrx_word' id='word_1_28' title='bbox 306 1608 509 1690; x_wconf 83' lang='lat' dir='ltr'>experimentis</span> <span class='ocrx_word' id='word_1_29' title='bbox 528 1601 662 1662; x_wconf 85' lang='lat' dir='ltr'>novimus</span> <span class='ocrx_word' id='word_1_30' title='bbox 676 1599 707 1658; x_wconf 91' lang='lat' dir='ltr'>in</span> <span class='ocrx_word' id='word_1_31' title='bbox 722 1599 847 1660; x_wconf 85' lang='lat' dir='ltr'>homine</span> <span class='ocrx_word' id='word_1_32' title='bbox 869 1597 930 1657; x_wconf 84' lang='lat' dir='ltr'>saun</span> <span class='ocrx_word' id='word_1_33' title='bbox 947 1602 1000 1650; x_wconf 64' lang='lat' dir='ltr'>rent·</span> 
     </span>
     <span class='ocr_line' id='line_1_9' title="bbox 317 1677 1000 1764; baseline -0.029 -18"><span class='ocrx_word' id='word_1_34' title='bbox 317 1687 354 1748; x_wconf 90' lang='lat' dir='ltr'>sci</span> <span class='ocrx_word' id='word_1_35' title='bbox 367 1685 493 1764; x_wconf 84' lang='lat' dir='ltr'>quotidie</span> <span class='ocrx_word' id='word_1_36' title='bbox 516 1685 615 1742; x_wconf 86' lang='lat' dir='ltr'>omnes</span> <span class='ocrx_word' id='word_1_37' title='bbox 629 1679 688 1754; x_wconf 86' lang='lat' dir='ltr'>ejus</span> <span class='ocrx_word' id='word_1_38' title='bbox 704 1689 797 1754; x_wconf 79' lang='lat' dir='ltr'>partes</span> <span class='ocrx_word' id='word_1_39' title='bbox 816 1719 825 1747; x_wconf 89' lang='lat'><em>,</em></span> <span class='ocrx_word' id='word_1_40' title='bbox 859 1679 918 1738; x_wconf 74' lang='lat' dir='ltr'>hee</span> <span class='ocrx_word' id='word_1_41' title='bbox 933 1677 1000 1746; x_wconf 64' lang='lat' dir='ltr'>rutru</span> 
     </span>
     <span class='ocr_line' id='line_1_10' title="bbox 181 1741 1011 1842; baseline -0.031 -5"><span class='ocrx_word' id='word_1_42' title='bbox 181 1767 388 1838; x_wconf 71' lang='lat' dir='ltr'>&#39;demonstratur</span> <span class='ocrx_word' id='word_1_43' title='bbox 404 1769 434 1824; x_wconf 89' lang='lat' dir='ltr'>in</span> <span class='ocrx_word' id='word_1_44' title='bbox 452 1756 630 1842; x_wconf 70' lang='lat' dir='ltr'>phyfiologii</span> <span class='ocrx_word' id='word_1_45' title='bbox 654 1754 708 1816; x_wconf 88' lang='lat' dir='ltr'>elle</span> <span class='ocrx_word' id='word_1_46' title='bbox 724 1775 788 1834; x_wconf 83' lang='lat' dir='ltr'>pars</span> <span class='ocrx_word' id='word_1_47' title='bbox 801 1757 890 1818; x_wconf 79' lang='lat' dir='ltr'>setosa</span> <span class='ocrx_word' id='word_1_48' title='bbox 906 1741 1011 1826; x_wconf 62' lang='lat' dir='ltr'>mguurl</span> 
     </span>
     <span class='ocr_line' id='line_1_11' title="bbox 136 1825 1002 1926; baseline -0.046 -9"><span class='ocrx_word' id='word_1_49' title='bbox 136 1885 152 1897; x_wconf 38' lang='lat'>¹·</span> <span class='ocrx_word' id='word_1_50' title='bbox 187 1857 254 1924; x_wconf 84' lang='lat' dir='ltr'>sani,</span> <span class='ocrx_word' id='word_1_51' title='bbox 264 1844 452 1926; x_wconf 85' lang='lat' dir='ltr'>postinediam</span> <span class='ocrx_word' id='word_1_52' title='bbox 465 1863 501 1915; x_wconf 82' lang='lat'>24</span> <span class='ocrx_word' id='word_1_53' title='bbox 509 1843 744 1907; x_wconf 73' lang='lat' dir='ltr'>horarummemo</span> <span class='ocrx_word' id='word_1_54' title='bbox 751 1825 1002 1914; x_wconf 80' lang='lat' dir='ltr'>lorteellquiduliu:</span> 
     </span>
     <span class='ocr_line' id='line_1_12' title="bbox 185 1911 1011 2011; baseline -0.024 -17"><span class='ocrx_word' id='word_1_55' title='bbox 185 1933 254 2011; x_wconf 89' lang='lat' dir='ltr'>quin</span> <span class='ocrx_word' id='word_1_56' title='bbox 263 1927 416 1986; x_wconf 82' lang='lat' dir='ltr'>nutriamur</span> <span class='ocrx_word' id='word_1_57' title='bbox 431 1941 467 1981; x_wconf 88' lang='lat' dir='ltr'>eo</span> <span class='ocrx_word' id='word_1_58' title='bbox 482 1918 590 1999; x_wconf 88' lang='lat' dir='ltr'>liquido</span> <span class='ocrx_word' id='word_1_59' title='bbox 608 1958 618 1987; x_wconf 92' lang='lat'>,</span> <span class='ocrx_word' id='word_1_60' title='bbox 642 1915 721 1992; x_wconf 91' lang='lat' dir='ltr'>quod</span> <span class='ocrx_word' id='word_1_61' title='bbox 738 1914 801 1975; x_wconf 88' lang='lat' dir='ltr'>fluit</span> <span class='ocrx_word' id='word_1_62' title='bbox 810 1935 863 1992; x_wconf 91' lang='lat' dir='ltr'>per</span> <span class='ocrx_word' id='word_1_63' title='bbox 879 1911 1011 1976; x_wconf 52' lang='lat' dir='ltr'>omnim*</span> 
     </span>
     <span class='ocr_line' id='line_1_13' title="bbox 186 1979 1011 2080; baseline -0.04 -7"><span class='ocrx_word' id='word_1_64' title='bbox 186 2010 270 2072; x_wconf 89' lang='lat' dir='ltr'>nostri</span> <span class='ocrx_word' id='word_1_65' title='bbox 287 2003 416 2080; x_wconf 75' lang='lat' dir='ltr'>corporis</span> <span class='ocrx_word' id='word_1_66' title='bbox 426 2024 435 2070; x_wconf 89' lang='lat'>;</span> <span class='ocrx_word' id='word_1_67' title='bbox 462 2001 567 2060; x_wconf 86' lang='lat' dir='ltr'>etenim</span> <span class='ocrx_word' id='word_1_68' title='bbox 584 1995 677 2055; x_wconf 89' lang='lat' dir='ltr'>omnis</span> <span class='ocrx_word' id='word_1_69' title='bbox 701 1995 814 2069; x_wconf 82' lang='lat' dir='ltr'>generis</span> <span class='ocrx_word' id='word_1_70' title='bbox 830 1994 932 2073; x_wconf 75' lang='lat' dir='ltr'>liquida</span> <span class='ocrx_word' id='word_1_71' title='bbox 943 1979 1011 2060; x_wconf 72' lang='lat' dir='ltr'>couri</span> 
     </span>
     <span class='ocr_line' id='line_1_14' title="bbox 186 2063 1011 2158; baseline -0.025 -5"><span class='ocrx_word' id='word_1_72' title='bbox 186 2102 288 2152; x_wconf 85' lang='lat' dir='ltr'>nentur</span> <span class='ocrx_word' id='word_1_73' title='bbox 302 2086 330 2144; x_wconf 94' lang='lat' dir='ltr'>in</span> <span class='ocrx_word' id='word_1_74' title='bbox 347 2083 478 2158; x_wconf 84' lang='lat' dir='ltr'>sanguine</span> <span class='ocrx_word' id='word_1_75' title='bbox 496 2079 597 2146; x_wconf 89' lang='lat' dir='ltr'>rubro,</span> <span class='ocrx_word' id='word_1_76' title='bbox 615 2075 693 2149; x_wconf 87' lang='lat' dir='ltr'>cujus</span> <span class='ocrx_word' id='word_1_77' title='bbox 707 2091 770 2149; x_wconf 83' lang='lat' dir='ltr'>pars</span> <span class='ocrx_word' id='word_1_78' title='bbox 786 2074 874 2134; x_wconf 84' lang='lat' dir='ltr'>rubra</span> <span class='ocrx_word' id='word_1_79' title='bbox 897 2091 927 2132; x_wconf 82' lang='lat' dir='ltr'>ex</span> <span class='ocrx_word' id='word_1_80' title='bbox 938 2063 1011 2132; x_wconf 58' lang='lat' dir='ltr'>ruffi?</span> 
     </span>
     <span class='ocr_line' id='line_1_15' title="bbox 186 2139 1005 2234; baseline -0.042 -2"><span class='ocrx_word' id='word_1_81' title='bbox 186 2173 218 2234; x_wconf 90' lang='lat' dir='ltr'>in</span> <span class='ocrx_word' id='word_1_82' title='bbox 234 2185 318 2230; x_wconf 82' lang='lat' dir='ltr'>venas</span> <span class='ocrx_word' id='word_1_83' title='bbox 334 2160 426 2222; x_wconf 80' lang='lat' dir='ltr'>transit</span> <span class='ocrx_word' id='word_1_84' title='bbox 441 2163 471 2220; x_wconf 90' lang='lat'>&amp;</span> <span class='ocrx_word' id='word_1_85' title='bbox 486 2177 546 2218; x_wconf 90' lang='lat' dir='ltr'>nou</span> <span class='ocrx_word' id='word_1_86' title='bbox 561 2154 647 2222; x_wconf 88' lang='lat' dir='ltr'>nutrit</span> <span class='ocrx_word' id='word_1_87' title='bbox 663 2172 670 2211; x_wconf 91' lang='lat'>:</span> <span class='ocrx_word' id='word_1_88' title='bbox 698 2169 766 2228; x_wconf 81' lang='lat' dir='ltr'>ergo</span> <span class='ocrx_word' id='word_1_89' title='bbox 791 2153 880 2232; x_wconf 90' lang='lat' dir='ltr'>quod</span> <span class='ocrx_word' id='word_1_90' title='bbox 895 2151 967 2214; x_wconf 86' lang='lat' dir='ltr'>nutrit</span> <span class='ocrx_word' id='word_1_91' title='bbox 977 2139 1005 2198; x_wconf 78' lang='lat' dir='ltr'>ir</span> 
     </span>
     <span class='ocr_line' id='line_1_16' title="bbox 188 2231 1011 2317; baseline -0.027 -9"><span class='ocrx_word' id='word_1_92' title='bbox 188 2251 237 2310; x_wconf 88' lang='lat' dir='ltr'>bet</span> <span class='ocrx_word' id='word_1_93' title='bbox 251 2245 306 2308; x_wconf 88' lang='lat' dir='ltr'>else</span> <span class='ocrx_word' id='word_1_94' title='bbox 322 2239 428 2317; x_wconf 81' lang='lat' dir='ltr'>aliquid</span> <span class='ocrx_word' id='word_1_95' title='bbox 442 2242 596 2316; x_wconf 77' lang='lat' dir='ltr'>separatum</span> <span class='ocrx_word' id='word_1_96' title='bbox 612 2233 646 2292; x_wconf 90' lang='lat' dir='ltr'>ab</span> <span class='ocrx_word' id='word_1_97' title='bbox 662 2233 720 2290; x_wconf 86' lang='lat' dir='ltr'>hoc</span> <span class='ocrx_word' id='word_1_98' title='bbox 733 2231 822 2292; x_wconf 87' lang='lat' dir='ltr'>mbro</span> <span class='ocrx_word' id='word_1_99' title='bbox 837 2234 968 2294; x_wconf 89' lang='lat' dir='ltr'>humore,</span> <span class='ocrx_word' id='word_1_100' title='bbox 982 2236 1011 2302; x_wconf 61' lang='lat' dir='ltr'>tjt</span> 
     </span>
     <span class='ocr_line' id='line_1_17' title="bbox 188 2303 1011 2405; baseline -0.03 -17"><span class='ocrx_word' id='word_1_101' title='bbox 188 2347 227 2405; x_wconf 80' lang='lat' dir='ltr'>go</span> <span class='ocrx_word' id='word_1_102' title='bbox 243 2327 282 2387; x_wconf 85' lang='lat' dir='ltr'>est</span> <span class='ocrx_word' id='word_1_103' title='bbox 295 2323 396 2389; x_wconf 88' lang='lat' dir='ltr'>serum,</span> <span class='ocrx_word' id='word_1_104' title='bbox 414 2317 571 2393; x_wconf 85' lang='lat' dir='ltr'>velpotius&#39;</span> <span class='ocrx_word' id='word_1_105' title='bbox 582 2310 785 2372; x_wconf 82' lang='lat' dir='ltr'>subtilissimum</span> <span class='ocrx_word' id='word_1_106' title='bbox 801 2313 950 2391; x_wconf 74' lang='lat' dir='ltr'>quoddam</span> <span class='ocrx_word' id='word_1_107' title='bbox 959 2303 1011 2380; x_wconf 63' lang='lat' dir='ltr'>liqll</span> 
     </span>
     <span class='ocr_line' id='line_1_18' title="bbox 191 2381 1011 2478; baseline -0.038 -11"><span class='ocrx_word' id='word_1_108' title='bbox 191 2409 322 2478; x_wconf 81' lang='lat' dir='ltr'>dum,ex</span> <span class='ocrx_word' id='word_1_109' title='bbox 332 2400 390 2458; x_wconf 87' lang='lat' dir='ltr'>sero</span> <span class='ocrx_word' id='word_1_110' title='bbox 405 2397 555 2456; x_wconf 87' lang='lat' dir='ltr'>secretum.</span> <span class='ocrx_word' id='word_1_111' title='bbox 1010 2381 1011 2464; x_wconf 71' lang='lat' dir='ltr'>l</span> 
     </span>
     <span class='ocr_line' id='line_1_19' title="bbox 228 2461 1011 2551; baseline -0.032 -10"><span class='ocrx_word' id='word_1_112' title='bbox 228 2488 253 2550; x_wconf 83' lang='lat'>§.</span> <span class='ocrx_word' id='word_1_113' title='bbox 269 2501 295 2540; x_wconf 87' lang='lat'>2.</span> <span class='ocrx_word' id='word_1_114' title='bbox 323 2479 351 2538; x_wconf 88' lang='lat' dir='ltr'>Si</span> <span class='ocrx_word' id='word_1_115' title='bbox 366 2477 431 2536; x_wconf 88' lang='lat' dir='ltr'>huic</span> <span class='ocrx_word' id='word_1_116' title='bbox 457 2473 629 2551; x_wconf 81' lang='lat' dir='ltr'>applicentur</span> <span class='ocrx_word' id='word_1_117' title='bbox 644 2468 741 2530; x_wconf 84' lang='lat' dir='ltr'>omnia</span> <span class='ocrx_word' id='word_1_118' title='bbox 757 2469 955 2547; x_wconf 74' lang='lat' dir='ltr'>experimenta</span> <span class='ocrx_word' id='word_1_119' title='bbox 966 2461 1011 2526; x_wconf 71' lang='lat' dir='ltr'>lert</span> 
     </span>
     <span class='ocr_line' id='line_1_20' title="bbox 191 2544 1011 2642; baseline -0.037 -16"><span class='ocrx_word' id='word_1_120' title='bbox 191 2562 286 2642; x_wconf 80' lang='lat' dir='ltr'>gendo</span> <span class='ocrx_word' id='word_1_121' title='bbox 301 2556 383 2626; x_wconf 78' lang='lat' dir='ltr'>acido</span> <span class='ocrx_word' id='word_1_122' title='bbox 399 2556 444 2614; x_wconf 91' lang='lat' dir='ltr'>vel</span> <span class='ocrx_word' id='word_1_123' title='bbox 461 2554 539 2612; x_wconf 79' lang='lat' dir='ltr'>alcali</span> <span class='ocrx_word' id='word_1_124' title='bbox 555 2565 618 2628; x_wconf 87' lang='lat' dir='ltr'>apta</span> <span class='ocrx_word' id='word_1_125' title='bbox 635 2587 644 2616; x_wconf 89' lang='lat'>,</span> <span class='ocrx_word' id='word_1_126' title='bbox 672 2547 789 2626; x_wconf 89' lang='lat' dir='ltr'>nullum</span> <span class='ocrx_word' id='word_1_127' title='bbox 815 2549 929 2626; x_wconf 75' lang='lat' dir='ltr'>signum</span> <span class='ocrx_word' id='word_1_128' title='bbox 950 2544 1011 2604; x_wconf 59' lang='lat' dir='ltr'>nster-l</span> 
     </span>
     <span class='ocr_line' id='line_1_21' title="bbox 192 2617 1007 2715; baseline -0.036 -10"><span class='ocrx_word' id='word_1_129' title='bbox 192 2645 257 2704; x_wconf 89' lang='lat' dir='ltr'>trius</span> <span class='ocrx_word' id='word_1_130' title='bbox 272 2633 415 2715; x_wconf 81' lang='lat' dir='ltr'>apparebit</span> <span class='ocrx_word' id='word_1_131' title='bbox 425 2671 447 2698; x_wconf 81' lang='grc'>,,</span> <span class='ocrx_word' id='word_1_132' title='bbox 463 2631 483 2702; x_wconf 71' lang='lat' dir='ltr'>si</span> <span class='ocrx_word' id='word_1_133' title='bbox 498 2650 567 2692; x_wconf 90' lang='lat' dir='ltr'>vero</span> <span class='ocrx_word' id='word_1_134' title='bbox 585 2628 802 2694; x_wconf 78' lang='lat' dir='ltr'>recentissimum</span> <span class='ocrx_word' id='word_1_135' title='bbox 822 2631 937 2698; x_wconf 78' lang='lat' dir='ltr'>fuerit,</span> <span class='ocrx_word' id='word_1_136' title='bbox 961 2617 1007 2680; x_wconf 71' lang='lat' dir='ltr'>en</span> 
     </span>
     <span class='ocr_line' id='line_1_22' title="bbox 192 2698 1001 2796; baseline -0.027 -12"><span class='ocrx_word' id='word_1_137' title='bbox 192 2725 231 2784; x_wconf 82' lang='lat' dir='ltr'>lat</span> <span class='ocrx_word' id='word_1_138' title='bbox 245 2714 364 2796; x_wconf 82' lang='lat' dir='ltr'>aliquid,</span> <span class='ocrx_word' id='word_1_139' title='bbox 382 2711 461 2789; x_wconf 90' lang='lat' dir='ltr'>quod</span> <span class='ocrx_word' id='word_1_140' title='bbox 483 2711 605 2770; x_wconf 89' lang='lat' dir='ltr'>odorem</span> <span class='ocrx_word' id='word_1_141' title='bbox 620 2708 744 2784; x_wconf 86' lang='lat' dir='ltr'><strong>aliquem</strong></span> <span class='ocrx_word' id='word_1_142' title='bbox 762 2707 937 2766; x_wconf 80' lang='lat' dir='ltr'>nau‘eosum</span> <span class='ocrx_word' id='word_1_143' title='bbox 950 2698 1001 2763; x_wconf 63' lang='lat' dir='ltr'>hu&lt;</span> 
     </span>
     <span class='ocr_line' id='line_1_23' title="bbox 194 2785 1004 2863; baseline -0.021 0"><span class='ocrx_word' id='word_1_144' title='bbox 194 2817 248 2863; x_wconf 89' lang='lat' dir='ltr'>nec</span> <span class='ocrx_word' id='word_1_145' title='bbox 261 2812 357 2859; x_wconf 81' lang='lat' dir='ltr'>tamen</span> <span class='ocrx_word' id='word_1_146' title='bbox 381 2791 416 2849; x_wconf 81' lang='lat' dir='ltr'>ad</span> <span class='ocrx_word' id='word_1_147' title='bbox 432 2791 562 2850; x_wconf 87' lang='lat' dir='ltr'>faetorem</span> <span class='ocrx_word' id='word_1_148' title='bbox 581 2788 668 2846; x_wconf 88' lang='lat' dir='ltr'>urinae</span> <span class='ocrx_word' id='word_1_149' title='bbox 691 2786 812 2845; x_wconf 84' lang='lat' dir='ltr'>recentis</span> <span class='ocrx_word' id='word_1_150' title='bbox 836 2785 969 2846; x_wconf 72' lang='lat' dir='ltr'>accedit.</span> <span class='ocrx_word' id='word_1_151' title='bbox 986 2787 1004 2846; x_wconf 73' lang='grc'>([-</span> 
     </span>
     <span class='ocr_line' id='line_1_24' title="bbox 195 2857 1007 2941; baseline -0.032 1"><span class='ocrx_word' id='word_1_152' title='bbox 195 2882 268 2941; x_wconf 84' lang='lat' dir='ltr'>odor</span> <span class='ocrx_word' id='word_1_153' title='bbox 284 2873 379 2936; x_wconf 85' lang='lat' dir='ltr'>nostris</span> <span class='ocrx_word' id='word_1_154' title='bbox 393 2869 557 2930; x_wconf 85' lang='lat' dir='ltr'><strong>humoribus</strong></span> <span class='ocrx_word' id='word_1_155' title='bbox 574 2868 660 2925; x_wconf 76' lang='lat' dir='ltr'>etiam</span> <span class='ocrx_word' id='word_1_156' title='bbox 687 2863 837 2924; x_wconf 81' lang='lat' dir='ltr'>sanissimis</span> <span class='ocrx_word' id='word_1_157' title='bbox 853 2864 894 2924; x_wconf 86' lang='lat' dir='ltr'>est</span> <span class='ocrx_word' id='word_1_158' title='bbox 909 2857 1007 2923; x_wconf 71' lang='lat' dir='ltr'>simiis·</span> 
     </span>
     <span class='ocr_line' id='line_1_25' title="bbox 195 2936 1007 3031; baseline -0.036 -9"><span class='ocrx_word' id='word_1_159' title='bbox 195 2962 224 3020; x_wconf 87' lang='lat' dir='ltr'>Si</span> <span class='ocrx_word' id='word_1_160' title='bbox 241 2955 352 3021; x_wconf 84' lang='lat' dir='ltr'>interim</span> <span class='ocrx_word' id='word_1_161' title='bbox 368 2966 443 3031; x_wconf 84' lang='lat' dir='ltr'>nunc</span> <span class='ocrx_word' id='word_1_162' title='bbox 457 2949 553 3008; x_wconf 91' lang='lat' dir='ltr'>oleum</span> <span class='ocrx_word' id='word_1_163' title='bbox 570 2944 673 3006; x_wconf 87' lang='lat' dir='ltr'>vitrioli</span> <span class='ocrx_word' id='word_1_164' title='bbox 696 2944 816 3003; x_wconf 80' lang='lat' dir='ltr'>affundo</span> <span class='ocrx_word' id='word_1_165' title='bbox 834 2985 844 3013; x_wconf 94' lang='lat'>,</span> <span class='ocrx_word' id='word_1_166' title='bbox 870 2936 979 3004; x_wconf 78' lang='lat' dir='ltr'>minimi</span> <span class='ocrx_word' id='word_1_167' title='bbox 993 2944 1007 2984; x_wconf 67' lang='lat'>»⁶</span> 
     </span>
     <span class='ocr_line' id='line_1_26' title="bbox 195 3011 1011 3104; baseline -0.027 -5"><span class='ocrx_word' id='word_1_168' title='bbox 195 3036 341 3104; x_wconf 83' lang='lat' dir='ltr'>fervescit,</span> <span class='ocrx_word' id='word_1_169' title='bbox 360 3027 406 3089; x_wconf 87' lang='lat' dir='ltr'>sed</span> <span class='ocrx_word' id='word_1_170' title='bbox 419 3039 531 3086; x_wconf 86' lang='lat' dir='ltr'>tantum</span> <span class='ocrx_word' id='word_1_171' title='bbox 547 3021 697 3099; x_wconf 75' lang='lat' dir='ltr'>inspissatur</span> <span class='ocrx_word' id='word_1_172' title='bbox 710 3023 808 3100; x_wconf 83' lang='lat' dir='ltr'>aliquo</span> <span class='ocrx_word' id='word_1_173' title='bbox 825 3023 922 3083; x_wconf 87' lang='lat' dir='ltr'>modo</span> <span class='ocrx_word' id='word_1_174' title='bbox 938 3011 1011 3084; x_wconf 55' lang='lat' dir='ltr'>&amp;all</span> 
     </span>
     <span class='ocr_line' id='line_1_27' title="bbox 194 3088 1007 3182; baseline -0.034 -5"><span class='ocrx_word' id='word_1_175' title='bbox 194 3119 262 3182; x_wconf 88' lang='lat' dir='ltr'>scit‚·</span> <span class='ocrx_word' id='word_1_176' title='bbox 289 3113 309 3172; x_wconf 83' lang='lat' dir='ltr'>sr</span> <span class='ocrx_word' id='word_1_177' title='bbox 326 3111 423 3171; x_wconf 88' lang='lat' dir='ltr'>oleum</span> <span class='ocrx_word' id='word_1_178' title='bbox 438 3106 531 3166; x_wconf 68' lang='lat' dir='ltr'>tartari</span> <span class='ocrx_word' id='word_1_179' title='bbox 547 3121 596 3181; x_wconf 87' lang='lat' dir='ltr'>per</span> <span class='ocrx_word' id='word_1_180' title='bbox 611 3101 788 3178; x_wconf 86' lang='lat' dir='ltr'>deliquium,</span> <span class='ocrx_word' id='word_1_181' title='bbox 815 3101 934 3162; x_wconf 77' lang='lat' dir='ltr'>diluitur</span> <span class='ocrx_word' id='word_1_182' title='bbox 947 3088 1007 3158; x_wconf 69' lang='lat' dir='ltr'>seuit</span> 
     </span>
     <span class='ocr_line' id='line_1_28' title="bbox 197 3178 1008 3320; baseline -0.028 -62"><span class='ocrx_word' id='word_1_183' title='bbox 197 3195 306 3276; x_wconf 79' lang='lat' dir='ltr'>Sylvius</span> <span class='ocrx_word' id='word_1_184' title='bbox 323 3189 392 3252; x_wconf 84' lang='lat' dir='ltr'>dixit</span> <span class='ocrx_word' id='word_1_185' title='bbox 407 3183 520 3248; x_wconf 83' lang='lat' dir='ltr'>acidum</span> <span class='ocrx_word' id='word_1_186' title='bbox 542 3179 737 3259; x_wconf 86' lang='lat' dir='ltr'>limphaticum</span> <span class='ocrx_word' id='word_1_187' title='bbox 754 3181 920 3260; x_wconf 79' lang='lat' dir='ltr'>permisceri</span> <span class='ocrx_word' id='word_1_188' title='bbox 935 3178 1008 3320; x_wconf 51' lang='lat' dir='ltr'>siff</span> 
     </span>
    </p>
   </div>
   <div class='ocr_carea' id='block_1_7' title="bbox 0 0 1054 3638">
    <p class='ocr_par' dir='ltr' id='par_1_7' title="bbox 0 0 1054 3638">
     <span class='ocr_line' id='line_1_29' title="bbox 0 0 1054 3638; baseline 0 0"><span class='ocrx_word' id='word_1_189' title='bbox 0 0 1054 3638; x_wconf 95' lang='lat' dir='ltr'> </span> 
     </span>
    </p>
   </div>
  </div>
 </body>
</html>
