2068 3676
138 147 219 213 154„
267 72 827 192 'Dueuoeoswo

79 292 80 295 Ἴ
135 225 207 292 ditur
220 227 249 288 in
262 225 429 297 tenuissimas
443 224 560 296 fissuras,
585 224 621 282 stc
635 224 784 299 crystallina
797 232 927 302 corpora
945 227 1021 300 salo

134 307 254 383 plurimo
278 306 308 366 ὃ(
329 322 416 382 pauca
433 303 503 366 terri
525 304 671 372 constant,
692 303 737 364 sed
754 303 787 362 ab
806 309 873 364 a'e're
888 307 927 364 ὅ(
943 303 1021 365 salci

93 451 98 456 ,
132 384 313 444 solvuntur&
327 384 430 444 vitrum
445 376 569 472 funditur
583 386 613 441 ὅ(
625 381 803 460 fitopacum,
816 383 924 443 sivero
932 385 1021 460 plus

74 476 77 482 '
132 475 214 529 terrae
220 462 368 541 accipiatur
377 506 385 534 ,
394 463 516 532 viridius,
523 463 613 538 'magis
621 477 741 537 opacum
753 463 913 532 ,&'fortius
926 467 1021 540 eva-3

134 541 190 612 dit,
211 541 303 620 quales
314 541 370 603 illae
390 542 490 618 phialae
513 543 663 600 Germanae
679 541 724 600 vel
742 541 851 618 lagenae
867 543 960 610 sunt,
984 542 1016 600 fi

131 620 243 685 interim
257 619 360 681 vitrum
375 619 416 678 ele
435 615 487 688 ans'
496 612 678 689 defideratur¹‚
692 621 806 678 materia
818 619 868 678 diu
883 621 916 678 in
934 622 1015 678 fur-

134 711 174 758 rto
188 698 329 758 retinenda
344 697 382 755 est
393 637 488 757 addito
494 698 583 756 multo
597 697 666 766 sale,
685 697 742 756 vid:
757 700 914 756 Antonium
933 701 1013 754 Ne-

135 781 169 839 ri
179 779 208 844 in
223 793 307 856 quem
321 788 526 836 commentatus
541 775 578 835 est
584 777 739 847 Mortuus,
755 777 834 856 quod
848 795 925 854 opus
936 797 1009 854 po-

35 883 54 902 ·-
135 855 191 916 teta
214 855 421 915 consummavit
440 855 615 921 Kutrcltelius⁴

155 949 159 954 ·
179 937 307 1009 Quarto:
323 935 556 992 Ais-scammata.
567 933 880 1010 Intelligohocnomine
894 944 1005 1006 artem

137 1011 182 1070 vel
196 1013 344 1076 inventum
358 1012 530 1084 humanum,
551 1031 609 1092 quo
623 1013 783 1072 conciliatur
797 1011 930 1090 crystallis
944 1011 1007 1071 vel

136 1091 266 1150 omnium
282 1090 393 1168 optimis
405 1092 480 1151 vitris
493 1093 571 1152 color
583 1105 641 1152 tarn
656 1091 785 1168 pulcher,
804 1101 836 1150 ut
849 1091 1009 1150 naturales
1020 1097 1021 1120 *

135 1187 265 1307 {eremas
283 1169 456 1230 aemulentur.
474 1169 549 1233 Haec
568 1189 609 1230 ars
628 1169 748 1230 confistit
766 1171 794 1248 iri
815 1169 888 1240 hisce
911 1169 1007 1234 binis,

158 1245 249 1307 timo:
270 1247 455 1321 inreddendo
469 1250 597 1310 duritiem
607 1248 786 1321 ,soliditatem
802 1248 832 1307 δὲ
844 1245 1003 1324 pellucidi-

138 1339 225 1386 tatem
241 1328 372 1406 crystallo.
412 1329 541 1388 Secundo
551 1329 633 1388 :iniis
647 1325 821 1390 conciliando
834 1327 999 1404 pulcherri-

139 1419 220 1466 mum
234 1407 459 1486 pellucidumque
472 1408 606 1468 colorem.
645 1407 767 1466 Fuerunt
776 1403 926 1476 Chemici,
940 1407 999 1482 qui

139 1497 226 1546 artem
274 1487 392 1546 buerunt
405 1485 531 1566 crystallis
546 1485 708 1546 conciliandi
721 1486 940 1562 pulcherrimum
958 1485 995 1544 &

78 1619 82 1631 ,
138 1565 224 1627 vividi
254 1563 335 1625 mum
351 1564 495 1636 colorem,
516 1565 662 1624 sumebant
670 1564 752 1624 salem
765 1564 937 1640 purissimum
962 1565 997 1623 δε

139 1663 251 1704 arenam
267 1645 427 1722 deputatam
441 1645 595 1714 marinam,
611 1643 658 1702 diu
675 1656 862 1711 excoxerunt,
884 1639 994 1706 &dein

137 1726 245 1784 veneris
259 1725 522 1805 peneuantissrmam
542 1725 689 1788 dnsturam
706 1721 909 1787 admiscuerunt
925 1764 935 1790 ,
960 1723 996 1781 &

138 1803 202 1868 haec
222 1803 468 1880 uiasununoigne
477 1803 623 1871 fuderunt,
632 1804 661 1860 ὃ(
673 1801 827 1860 habuerunt
840 1816 992 1876 gemmam

139 1877 304 1958 pellucidam
332 1879 412 1940 instar
425 1880 557 1958 smaragdi
583 1881 716 1958 penitus,
742 1877 932 1956 ponderosrtas
959 1881 995 1940 δε

140 1961 218 2024 color
232 1977 329 2034 parum
339 1957 519 2030 deficiebant,
534 1961 564 2018 ὅ(
576 1958 708 2036 rogabam
716 1957 784 2018 olim
795 1957 992 2038 peritissimum
1020 1989 1021 1992 ¹

141 2036 355 2108 Gemmarium,
375 2038 442 2115 quid
456 2038 565 2097 sentiret
578 2037 612 2096 de
621 2035 783 2112 smaragdo,
797 2055 883 2116 quem
897 2039 990 2101 inan·
1020 2049 1021 2116 ᾗ

138 2116 207 2182 nulo
219 2115 355 2193 gestabam
378 2118 452 2192 (erat
472 2118 514 2176 vir
531 2115 738 2176 consummatus
752 2117 781 2175 in
793 2117 869 2194 arte)
883 2118 915 2176 &
928 2121 991 2178 nes-

140 2193 228 2254 ciebat
243 2196 324 2272 quale
337 2195 503 2272 produdtum
514 2194 595 2266 effer,
614 2192 686 2254 adeo
698 2211 786 2276 prope
800 2195 947 2256 accedebat
953 2200 992 2260 ad

139 2272 331 2348 smaragdum,
350 2275 395 2334 sed
406 2275 463 2334 hoc
478 2275 538 2334 vitii
554 2275 653 2344 habet,
671 2271 750 2350 quod
762 2273 890 2334 duritiem
905 2276 989 2338 &so-

134 2351 272 2413 liditatem
286 2350 419 2432 smaragdi
432 2353 602 2424 nonhabet,
623 2352 724 2412 &hinc
734 2353 800 2412 tales
813 2369 934 2429 gemmae
940 2358 987 2416 ni-
1020 2405 1021 2412 ,

139 2431 192 2490 ωἰε
205 2431 383 2491 rnollessunt.
416 2448 417 2452 ’
840 2482 844 2491 ,

180 2507 301 2586 Royleus
313 2511 344 2567 ‘in
356 2510 473 2570 traditu
489 2510 524 2570 de
537 2509 656 2586 gemmit
670 2511 760 2570 voluit
779 2509 895 2580 docere,
916 2513 986 2590 qua·
1020 2511 1021 2518 ’

139 2603 207 2648 uam
221 2599 279 2648 arte
341 2588 473 2648 stallinam
488 2589 634 2648 meteriam
648 2590 677 2648 in
688 2605 814 2666 gemmas
827 2605 901 2647 veras
915 2609 986 2653 con·
1020 2591 1021 2664 J

139 2678 248 2728 vertere
261 2684 299 2744 po
323 2683 404 2726 umus
419 2709 428 2736 ,
448 2667 494 2728 sed
508 2669 679 2744 egregiusuir
692 2686 751 2728 non
764 2667 877 2744 perfecit
891 2711 899 2737 ,
918 2689 984 2734 nam

140 2744 176 2810 ab
194 2749 258 2805 aere
277 2743 384 2821 semper
405 2745 486 2805 rimas
509 2758 702 2807 contraxerant
722 2749 752 2814 &
770 2745 984 2822 pelluciditatem
1020 2815 1021 2830 χ

139 2823 319 2894 mittebant,
330 2819 378 2884 se‘d
393 2821 482 2902 siquis
495 2821 584 2900 poffet
601 2827 727 2885 invenire
736 2819 811 2886 hanc
823 2837 907 2886 artem
922 2831 983 2904 pul·
1020 2847 1021 2868 ÷

139 2904 324 2976 elterrimanm
345 2903 470 2966 cristellos
483 2903 630 2964 durissimas
643 2907 674 2964 &
685 2905 852 2964 solidissimas
865 2905 893 2963 u
904 2905 983 2970 simul
1020 2945 1021 2982 p

139 2982 235 3068 eplore
247 2981 491 3062 penetrantiffimas
508 2984 538 3042 ὅ(
551 2984 767 3060 pellucidiffimas
779 2981 925 3056 reddendi,
937 2987 982 3047 ille
1020 2985 1021 3062 ζ

140 3057 216 3122 brevi
229 3073 359 3146 tempore
372 3061 513 3122 ditiffimus
529 3061 629 3133 fieret,
652 3063 698 3122 sed
714 3062 807 3124 dices:
827 3079 909 3140 quare
922 3076 981 3125 ran-
1020 3091 1021 3144 l

139 3139 501 3224 mdecryllallislraecce
520 3141 586 3202 dicis
605 3143 636 3201 &
649 3157 709 3202 non
723 3139 758 3203 de
777 3139 885 3221 reliquis
897 3143 981 3204 vitris?
1020 3147 1021 3228 i

915 3241 977 3301 quta
