2058 3642
154 181 605 252 4σηεΜιΑιιῑ
793 187 852 265 ru

8 317 65 364 ror
80 293 131 358 vel
148 289 279 372 crystalli:
297 293 335 366 (4)
351 302 463 352 acetum
474 293 535 370 J'am
549 291 656 352 netum
666 311 673 352 ε
684 294 724 372 (ς)
739 292 850 358 dolium

8 401 41 442 er
59 376 171 438 multos
186 387 276 433 annos
293 371 403 432 acetoso
410 372 519 450 liquore
535 371 676 443 imbutum
693 395 701 432 r
729 374 772 451 (6)
786 375 851 436 mis·

8 461 58 520 cla
73 457 149 533 saepe
163 451 238 514 facia
247 450 306 510 vini
321 469 388 509 cum
404 449 517 510 faecibus
531 451 666 528 propriis:
687 453 727 530 (7)
741 452 851 528 pedun-

8 540 47 600 rli
64 539 98 596 dc
126 535 219 593 caules
241 546 386 600 uvarum,
413 528 604 597 moestorum,
631 529 788 590 cerasorum
803 533 850 596 vel

8 621 118 676 'narum
141 611 297 690 plantarum
323 608 610 668 acido-austeramm:
638 607 695 688 (8)
710 611 852 673 fermenta-

8 696 131 754 istorum
141 691 224 750 acida
233 687 306 749 faida
316 689 375 764 2'19')
384 691 521 747 fermenta
533 705 568 746 ex
583 686 625 747 his
640 687 851 765 compositam

8 774 90 834 ribus
106 770 288 831 observatum·
302 767 348 836 est,
357 765 437 844 quod
454 765 589 826 acerrima
605 779 731 827 aromata
753 779 785 828 ut
806 771 849 846 pi·

8 871 66 920 er,
87 849 213 926 zingiber
231 848 278 907 &c
294 865 302 904 ε
316 847 473 918 3'fermentis
488 845 619 923 permista.
634 889 644 917 ,
670 858 749 906 aceta
763 847 850 926 longe

8 934 115 991 ›rtiora
130 927 271 997 reddam,
296 943 332 984 vr
347 941 382 1002 g:
406 924 442 986 ad
456 925 554 986 libram
568 925 701 986 fermenti
715 923 851 996 drachma

8 1027 54 1068 na
72 1019 233 1068 aromatum
248 1004 369 1064 sufficiet.
700 1011 703 1016 '
815 1071 817 1075 ι

29 1091 61 1154 §.
76 1107 105 1161 4.
136 1087 169 1146 In
191 1085 333 1160 Exemplo
348 1101 390 1145 res
412 1081 522 1162 optime
544 1084 667 1163 patebit,
691 1085 744 1146 fint
760 1103 795 1146 v:
838 1106 849 1146 a

8 1185 55 1226 uo
72 1165 135 1228 vasa
150 1165 241 1244 lignea
255 1165 380 1240 ingentia
402 1181 454 1241 pro
474 1163 564 1225 lubitu
583 1203 593 1234 ‚
626 1163 723 1245 quibus
737 1165 776 1226 fin
825 1167 857 1226 ie

8 1245 63 1305 nfit
86 1245 222 1306 craticula
238 1262 273 1304 ex
294 1243 369 1321 ligno
397 1242 545 1316 consede,
563 1243 663 1306 distans
683 1264 734 1324 per
755 1261 848 1306 unum
872 1259 875 1270 ·

8 1325 99 1386 edem
114 1343 131 1385 a
148 1324 262 1393 fundo,
287 1321 354 1383 huic
367 1318 509 1384 craticulae
527 1326 620 1401 primo
634 1326 750 1401 virgulta
764 1324 828 1385 vitis
837 1329 853 1397 ,⁴

8 1406 60 1464 ein
77 1405 169 1466 caules
186 1403 320 1481 botryum
337 1446 346 1474 ,
365 1404 428 1464 uvir
450 1405 481 1463 ὃ(
494 1404 581 1463 acinis
608 1401 726 1474 ablatis,
752 1403 848 1478 impo-

9 1497 96 1544 antur
113 1482 249 1562 usquead
264 1483 344 1542 unius
358 1483 436 1561 pedis
450 1499 468 1540 a
481 1481 595 1541 summo
605 1483 735 1558 ¹margine
748 1480 849 1544 distan-

8 1580 82 1632 .am;
108 1574 171 1624 tum
186 1579 276 1622 unum
297 1563 401 1622 horum
424 1557 554 1621 vasorum
576 1559 713 1638 repleatur
726 1561 795 1634 pino
809 1563 847 1628 ad

8 1659 140 1703 rmmum
156 1641 270 1720 usque,
294 1640 411 1701 alterum
430 1640 467 1700 ad
489 1639 647 1700 dimidium.
687 1641 778 1698 Omni
801 1641 849 1702 die

10 1740 29 1779 x
47 1723 133 1798 pleno
150 1719 336 1796 semiplenum
360 1718 510 1797 impleatur
524 1717 700 1790 alumnum,
724 1731 786 1778 turn
802 1717 847 1804 ¹ie-

10 1800 93 1861 undo
109 1799 157 1860 vel
171 1801 258 1874 tertio
269 1799 331 1871 die,
351 1800 380 1860 in
396 1798 460 1860 vase
475 1797 629 1874 semipleno
647 1800 735 1859 oritur
751 1798 846 1879 culm,

9 1879 36 1938 le
50 1877 200 1940 successivd
217 1877 311 1940 crescit
327 1895 377 1955 per
387 1878 482 1956 plures
496 1877 555 1939 dies
571 1920 581 1949 ‚
607 1878 637 1938 in
660 1879 725 1940 vase
747 1883 847 1941 autem

11 1958 100 2030 leno,
118 1958 197 2037 quod
211 1957 260 2019 illo
277 1957 510 2035 dieplenumest,
528 1957 606 2018 calor
620 1961 759 2020 minuitur
772 1959 848 2034 sein·

13 2055 43 2096 er
61 2041 96 2104 dr,
107 2036 189 2098 ceffat
206 2073 216 2106 ‚
242 2037 291 2116 qui
306 2035 421 2096 srm'ulac
436 2035 466 2095 in
481 2035 545 2097 vase
560 2039 714 2118 remipleno
727 2057 850 2118 quoque

13 2115 97 2185 ellat,
118 2117 224 2178 fretum
241 2117 279 2177 est
291 2126 422 2187 acetum,
451 2115 529 2194 quod
544 2117 639 2176 aestivo
654 2127 784 2194 ternpore
798 2117 848 2178 die
900 2121 902 2139 ’

15 2198 112 2257 ecimo
127 2198 251 2276 quinto,
277 2195 403 2274 hyemali
423 2193 492 2256 terd
514 2205 644 2272 tempore
676 2195 776 2256 lentius
805 2195 851 2260 fir:
949 2242 962 2274 ι,

16 2277 100 2338 ivero
116 2277 215 2337 carlum
232 2275 313 2337 valde
327 2275 421 2337 aestuet
437 2312 447 2343 ‚
476 2285 544 2334 tunc
558 2273 656 2335 effuso
672 2273 801 2352 expleno
814 2277 848 2339 iu

17 2357 61 2415 mi
75 2357 191 2434 plenum
205 2356 246 2416 bis
258 2355 320 2416 ficti
335 2355 435 2425 debet,
462 2353 525 2414 alias
537 2353 644 2432 spiritus
654 2355 781 2420 nimium
799 2373 848 2434 caf

18 2432 89 2496 liunt
103 2437 134 2496 δι
149 2436 290 2503 avolant,
326 2437 357 2496 dr
380 2435 535 2494 remanebit
557 2451 647 2514 vappa
665 2434 736 2495 loco
759 2431 845 2500 aceti.

19 2513 50 2572 'as
66 2514 184 2592 plenum
200 2515 323 2593 superius
339 2514 509 2594 relinquatur
530 2526 676 2593 apertum,
703 2515 772 2576 semi
786 2517 846 2596 ple-

20 2609 63 2651 um
80 2593 150 2654 vero
175 2592 310 2672 operculo
329 2594 424 2672 ligneo
436 2605 544 2672 tegatur
560 2638 570 2667 ,
596 2594 634 2656 fic
648 2597 724 2670 enim
737 2595 847 2673 semper

21 2676 174 2734 rmentatio
188 2669 343 2734 suffocatur
362 2675 393 2734 δι
409 2671 516 2750 spiritus
529 2676 639 2736 haerens
650 2673 760 2752 figimur,
774 2675 845 2734 serni

22 2757 106 2811 enum
121 2763 216 2812 autem
233 2763 331 2812 manet
345 2759 499 2830 apertum,
542 2756 588 2815 uia
604 2755 640 2816 ad
654 2755 732 2814 illam
747 2765 848 2832 opera3

24 2843 100 2892 onem
115 2833 261 2912 requiritur
274 2832 353 2892 liben'
368 2835 440 2892 a'e'rir
455 2773 582 2894 accelus.

34 2909 151 2988 Regulae
175 2909 244 2972 verd
260 2911 342 2989 hujus
356 2913 529 2989 operationis
542 2912 604 2972 sunt
623 2911 775 2992 sequentes.
797 2915 844 2988 (r)

26 2992 146 3066 ptimnm
160 2992 261 3050 vlnrun
279 2989 327 3062 dat
342 2993 485 3068 optimum
499 3025 510 3064 ·,
538 2993 569 3052 dr
583 2992 674 3052 debile
688 2991 788 3058 uinum
798 2987 847 3050 dat

27 3071 152 3144 'rpposum
168 3079 289 3152 acetum.
319 3072 360 3150 (ι)
376 3071 456 3130 Dum
463 3073 563 3132 vinum
579 3073 726 3132 inacetum
742 3065 847 3144 nanfit,

28 3151 115 3303 ffionit
128 3149 165 3210 ad
178 3150 264 3210 latera
279 3148 348 3210 vaus
365 3189 374 3216 ,
404 3151 440 3211 ad
453 3150 574 3213 fundum
590 3153 620 3211 δι
635 3149 671 3210 ad
686 3148 777 3209 carues
791 3149 847 3209 im-

31 3247 87 3320 ¹hos
103 3227 308 3314 pinguedinem
324 3228 475 3373 oleoslnm,
504 3243 537 3316 ur
552 3232 650 3316 omnia
662 3225 739 3318 quafi
753 3225 848 3303 smeg-

432 3326 450 3370 2
735 3325 738 3334 ’
768 3316 847 3368 mate
