2048 3638
172 223 282 296 260*
378 214 808 287 orurArrorurt

168 343 213 390 tus
227 331 257 390 in
273 325 369 386 oleum
384 347 433 405 per
448 327 620 406 deliquium,
643 328 682 387 nil
696 325 729 386 fit
743 325 915 388 mutationis
932 330 941 400 ζ
974 326 1010 388 rii

168 410 249 486 quod
265 424 353 484 vapor
368 406 530 468 alcalescens
548 409 652 466 oriatur
663 409 766 484 ,eique
783 405 940 468 misceatur
949 432 958 475 ;
969 427 1010 467 om

169 481 267 548 rimer
282 486 312 546 fit
328 487 503 562 coagulatio,
521 479 568 545 sed
585 489 679 564 potius
695 485 799 545 solutio
809 515 823 555 ,·
840 503 941 564 neque
956 487 1010 546 omi

170 582 233 627 tum
251 579 374 625 mutatur
389 566 468 624 color
483 587 493 634 ;
527 565 547 624 fi
562 565 672 625 additur
687 564 752 624 huic
767 563 829 624 sero
844 565 959 642 semper
974 568 1010 624 ali

70 703 74 717 ,
171 646 239 726 quid
253 663 335 723 aquae
349 644 462 713 calidae',
486 655 518 704 ut
531 643 579 704 fiat
595 643 720 720 eiusdem
735 661 802 702 cum
820 645 910 706 nostri
925 664 1010 722 corpo

172 729 207 786 ris
223 725 319 784 caloris
335 766 343 792 ,
367 723 556 798 experimenta
573 721 644 782 fiunt
660 725 846 782 accuratiora.

212 822 239 863 2.
266 804 335 861 Hoc
347 801 439 868 serum
463 800 623 880 permistum
646 801 747 879 spiritui
765 800 825 861 salis
849 803 1008 870 ammoniaci

166 881 315 960 'purissimo
333 880 368 940 ad
384 883 496 958 copiam
513 881 671 958 aequalem,
689 879 824 946 diluitur,
846 900 946 962 neque
960 900 1006 940 mu·

176 972 216 1020 tat
234 962 360 1020 colorem
376 977 430 1018 nec
448 960 582 1020 odorem.
623 961 699 1038 Ergo
713 958 863 1031 videmus,
890 981 956 1040 quae
969 961 1005 1019 dil·

175 1039 294 1108 fetentia
312 1037 345 1100 stt
359 1040 433 1098 inter
444 1038 510 1098 sales
530 1038 655 1110 volatiles
673 1037 803 1098 alcalinos
813 1040 847 1097 &
861 1037 931 1100 sales
943 1039 1002 1098 firm

193 1127 246 1199 33.
271 1115 353 1196 ldem
365 1111 458 1175 'serum
474 1117 635 1194 permistum
650 1116 757 1194 spiritui
771 1116 833 1176 salis
849 1117 1003 1178 ammoniro'

177 1189 325 1257 fortillimo
348 1195 433 1271 igneo
459 1211 527 1256 cum
551 1197 626 1260 calce
642 1195 708 1254 vival
722 1195 872 1264 destillato,
889 1198 925 1257 ad
933 1213 1001 1274 aqut·

176 1277 235 1336 lem
251 1271 362 1352 copiam
382 1304 391 1342 ,
413 1273 524 1334 diluitur
542 1318 550 1344 ,
574 1293 628 1335 nec
643 1275 750 1335 colores
767 1287 860 1335 mutat
876 1315 886 1344 ‚
916 1295 964 1336 nec
975 1277 1001 1331 ir

177 1353 284 1436 spissat,
304 1369 358 1414 nec
373 1353 582 1424 effervescitrlit
598 1367 694 1416 tamen
710 1355 823 1416 interim
840 1354 944 1433 sanguis
956 1352 1000 1413 iud:

181 1436 258 1496 acris.
481 1439 484 1450 '

216 1535 242 1588 4.
258 1513 337 1574 Idem
353 1511 514 1590 permistum
523 1511 626 1590 spiritui
640 1513 729 1584 urinae
744 1506 999 1592 putrefattae,2qud

182 1593 280 1670 copii,
303 1593 436 1660 diluitur,
458 1591 565 1652 colores
582 1609 640 1651 non
656 1601 747 1651 mutat
763 1594 824 1654 &o

197 1729 199 1736 ,
220 1694 248 1751 ς.
270 1672 317 1735 Ad
332 1672 453 1748 primum
463 1671 629 1750 productum
645 1670 759 1730 affunde
776 1672 874 1732 oleum
889 1669 999 1733 idolol&

131 1811 134 1818 ,
182 1748 231 1812 fiet
247 1747 391 1812 fortiliima
407 1751 612 1812 effervescentia
630 1793 639 1822 ‚
669 1749 812 1811 &tamen
831 1755 875 1813 rix
889 1752 923 1812 ad
938 1745 998 1809 lod·

183 1839 271 1912 ritem
287 1831 386 1890 reduci
400 1830 496 1910 potest.
576 1844 579 1852 ¹
677 1851 680 1858 ·
712 1851 714 1858 v

145 1977 147 1986 y
223 1911 250 1968 6.
269 1908 317 1968 Ad
330 1909 482 1972 secundum
496 1907 612 1968 affusum
630 1907 727 1988 oleum
743 1907 851 1970 vitrioli
862 1909 909 1970 dat
923 1906 996 1968 eadm

181 1988 372 2066 phaerromena
388 2009 448 2068 qua
465 1989 545 2066 prius.
726 2003 732 2015 ’

225 2085 251 2142 7.
267 2067 295 2128 Si
309 2067 345 2127 ad
359 2070 472 2128 tertium
487 2066 636 2127 affunditur
645 2066 741 2126 oleum
756 2067 884 2135 vitrioli,
911 2063 997 2124 efferte

68 2149 74 2205 ,’
183 2145 252 2214 scit,
273 2165 326 2206 nec
341 2149 448 2208 colores
465 2159 565 2206 mutat.

225 2224 251 2285 8.
272 2225 318 2286 Ad
340 2245 470 2304 quartum
497 2225 614 2286 affusum
634 2223 731 2284 oleum
754 2223 866 2284 vitrioli
882 2225 934 2286 edit
947 2221 1003 2299 pla<

182 2313 307 2363 nomena
323 2307 406 2382 primi
424 2308 453 2364 ὃ(
477 2303 597 2364 secundi.
1000 2339 1001 2353 κ

219 2403 246 2457 9.
265 2381 381 2444 Interim
398 2384 418 2444 fi
432 2384 528 2444 oleum
545 2377 647 2443 vittioll
669 2381 758 2440 solum'
771 2393 848 2461 puro
862 2381 920 2444 sero
934 2369 1000 2440 aduri

167 2471 262 2521 cetur
279 2502 289 2531 ,
314 2481 373 2522 uno
398 2476 548 2522 momento
561 2459 747 2536 coagulatur,
764 2535 766 2542 Ι
783 2460 862 2538 quast
877 2463 913 2522 ad
934 2463 967 2536 ign

184 2551 371 2616 coqueretur,
393 2543 423 2600 &
437 2543 532 2606 serum,
542 2539 574 2599 fit
590 2539 779 2607 album·;hinc
796 2537 968 2600 novimum

181 2617 315 2680 nostrum*
330 2619 419 2678 serum
444 2619 595 2696 coagulant,
624 2615 679 2676 elle
702 2617 816 2677 acidum
841 2622 972 2679 acerrimo

182 2695 207 2778 fi
217 2699 285 2758 huic
302 2716 418 2776 quoque
441 2695 592 2776 affunditur
615 2695 710 2756 oleum
730 2696 825 2758 tartari
850 2716 901 2776 per
915 2697 974 2770 dedit

184 2783 236 2856 urii
245 2816 253 2844 ,
284 2776 314 2836 fit
329 2771 532 2836 effervescentia
548 2768 663 2834 limma.

167 2877 170 2882 ·
203 2910 206 2914 .
227 2869 270 2916 ro,
291 2857 317 2916 Si
334 2853 498 2914 admiscetur
513 2856 601 2914 muria
617 2851 677 2914 salis¹
693 2853 811 2924 marini,
840 2871 901 2914 non
915 2873 939 2914 ur

183 2933 287 3070 color,
314 2933 360 2994 sed
375 2931 488 2995 solvitur
508 2935 680 3012 aliquatenus
697 2976 707 3005 ,
735 2949 790 2992 nec
804 2945 903 2993 tamen
917 2932 967 2993 etr

162 3067 164 3072 .
195 3025 243 3072 cit.

161 3104 163 3108 ·
227 3110 273 3150 ιι.
296 3086 675 3165 Sisrlgenurtae,titidcm.,

197 3235 200 3240 ,
224 3187 266 3227 12.
286 3169 313 3256 Si
330 3170 433 3230 nitrum
445 3169 565 3233 solutum
582 3188 684 3249 purum
695 3191 712 3244 ‚·
725 3169 756 3234 fit
775 3170 852 3235 idem
860 3190 894 3234 ar
907 3185 961 3240 cum

174 3255 375 3306 ¹ururnonuco.
