2108 3684
71 105 152 174 ur
178 99 558 173 rnsrnunrnnro
580 101 786 174 enemim
829 59 902 202 ιη’

27 209 73 270 effe
93 211 333 276 ferventissimus
355 207 392 270 ad
413 209 450 268 88
473 211 595 286 gradtu,
624 212 655 270 fit
676 229 746 273 veto
766 219 890 294 tonitru,

27 293 161 365 turma,
184 293 311 359 imbres,
331 289 429 356 nives,
449 303 516 348 tunc
530 290 605 348 illico
618 290 892 362 caditThermosco·

27 373 94 444 pium
109 392 171 452 per
189 391 231 431 20
244 368 365 446 gradus,
385 386 443 426 uno
458 381 608 426 momento
628 370 687 426 Ae'r
708 388 765 432 erat
783 395 891 456 erpan-

27 449 74 519 sut,
93 456 199 512 altero
213 447 468 514 contradidimus,
482 466 498 505 a
512 449 657 523 frigore&
669 448 768 510 calore.

58 531 112 590 Sed
129 532 230 590 etiam
247 528 335 587 variat
347 527 409 584 Aer
429 525 551 604 respediu
571 539 652 584 terrae
672 543 821 604 motuum,
841 541 891 616 qui

29 623 205 670 convertunt
219 621 327 668 terram
342 605 428 664 fixam
443 605 471 664 in
484 607 576 674 lacus,
596 605 725 681 paludes,
745 609 837 688 stagna
858 619 889 680 &

31 690 119 760 naria,
143 691 217 748 loca
232 686 349 746 salubria
356 685 459 744 faciunt
467 684 655 761 putridiffirna,
672 688 703 746 &
715 704 810 752 contra
818 716 829 763 ς
850 695 889 760 sc

32 767 65 826 ndi
78 769 158 828 olim
177 784 256 844 aqua
271 777 330 823 erat
343 765 373 822 &
386 765 546 840 navigatum
562 765 630 834 fuit,
649 765 687 826 ibi
701 766 739 828 est
751 769 821 834 sicca
834 786 889 836 ter.

33 862 63 904 n:
82 865 159 924 ergo
177 855 250 904 cum
264 845 323 903 hoc
336 841 367 902 sit
380 842 409 901 in
423 861 481 902 uno
494 845 560 906 loco
576 843 698 906 maxime
712 847 773 910 A'e'r
793 867 888 917 muta.

33 937 83 994 m,
103 927 147 986 fic
169 923 249 1002 saepe
268 921 357 1000 pestes
376 921 500 1000 sequutae
519 925 580 986 sunt
593 942 711 1002 magnos
723 941 804 994 terrae
817 952 886 996 mo.

34 1015 72 1062 nn

61 1083 164 1143 Variat
178 1098 302 1160 quoque
316 1081 376 1140 Adr
395 1098 480 1159 quam
499 1079 623 1156 ¹marim?
642 1086 765 1163 respectu
778 1093 886 1171 'corpov

36 1177 84 1220 tum
104 1163 325 1232 exhalantium,
346 1159 382 1218 stc
403 1159 423 1218 ii
442 1177 542 1238 magna
557 1163 637 1238 copia
651 1167 813 1230 animal'ntm
834 1175 884 1236 de-

37 1253 214 1300 mortuorum
236 1241 267 1298 in
286 1239 485 1300 unumiocum
501 1243 583 1300 fuerit
596 1242 702 1316 delata,
721 1248 765 1308 illa
785 1251 884 1330 incipi.
937 1317 939 1324 Ι

37 1333 74 1378 unt
92 1319 259 1397 putrescere
273 1320 303 1376 δε
322 1319 446 1380 exhalare
461 1323 591 1380 faetorem
606 1323 636 1380 &
651 1325 795 1388 nidorem:
816 1331 881 1394 hinc

37 1397 82 1457 dir
94 1395 230 1472 maxime
245 1410 376 1458 mutatur.
399 1399 567 1458 Inaiiislocis
580 1419 707 1476 cuprum,
720 1405 748 1462 in
764 1407 881 1470 adiisset·

38 1494 83 1536 nm
106 1477 258 1544 funditur,
278 1477 308 1536 in
327 1477 385 1536 aliis
397 1493 507 1536 acetum
522 1493 702 1552 praeparatur,
720 1483 749 1542 in
762 1485 817 1546 ali'n
837 1489 879 1550 ιι.

38 1558 108 1616 caina
123 1573 266 1632 corpora,
287 1554 324 1613 fic
342 1557 377 1614 sal
389 1556 530 1624 annosus,
551 1571 667 1632 corpora
680 1561 787 1634 putrida
795 1583 880 1644 vege.

38 1638 163 1708 nntium,
186 1637 218 1693 &
231 1634 346 1710 quidibet
359 1636 417 1692 talis
431 1637 508 1694 locus
528 1634 565 1690 en
585 1636 661 1708 quasi
680 1637 813 1712 singulare
830 1646 880 1704 de.

16 1755 17 1758 ,
38 1711 199 1775 tunorium
213 1713 393 1779 chemicum,
413 1713 443 1768 ὃ(
458 1711 553 1768 omnia
567 1709 610 1766 ida
624 1728 741 1787 corpora
763 1720 881 1784 volitant

37 1794 95 1853 nica
108 1795 156 1854 iila
169 1793 234 1854 loca
249 1837 259 1864 ,
288 1792 319 1848 &
340 1787 416 1866 quast
429 1789 459 1846 in
472 1786 574 1863 tingtda
593 1789 682 1864 phiala
698 1793 815 1870 repofita
828 1800 878 1861 ha.

36 1870 132 1933 bentur.
259 1898 262 1904 ·

14 1980 15 2012 t
64 1953 196 2012 Mutatur
209 1966 329 2029 qnoque
342 1945 402 2008 A'e'r
419 1964 471 2023 pro
490 1945 646 2009 diversitate
665 1950 811 2016 altitudinis
831 1957 879 2023 vel

35 2031 221 2105 profunditatis
234 2028 408 2096 mirabiliter,
428 2045 569 2104 namquo
588 2043 688 2105 puteus
708 2033 744 2093 est
762 2038 878 2110 prosun-

36 2109 104 2182 dior,
132 2109 171 2169 eo
191 2110 251 2168 A'e'r
270 2107 309 2166 est
329 2107 519 2180 compactor,
545 2106 670 2180 densior,
689 2113 816 2187 gravior,
836 2117 876 2178 ita

35 2190 140 2250 tndem
164 2202 212 2258 ut,
227 2187 247 2246 fi
260 2187 435 2264 perveniatur
454 2185 481 2244 in
501 2185 563 2244 loca
580 2185 767 2263 subterranea,
784 2193 875 2260 statim

37 2270 204 2346 extinguatur
224 2265 337 2326 candela
358 2268 387 2326 δι
406 2265 499 2324 omnis
517 2264 603 2338 ignis,
622 2266 667 2326 sed
688 2269 753 2334 ideo
767 2273 875 2339 facitote

36 2363 128 2424 aquam
148 2351 256 2423 semper
276 2344 373 2406 cadere
388 2344 468 2420 juxta
488 2343 618 2421 quasdam
639 2346 737 2418 rimas,
758 2353 877 2418 atinde

35 2423 76 2486 snt
88 2439 204 2495 ventus,
221 2425 272 2502 qui
287 2435 401 2484 moveat
415 2421 538 2493 nerem,
560 2425 591 2484 ὅ(
603 2424 640 2484 src
653 2424 763 2502 possunt
783 2431 872 2496 fosso·

36 2522 70 2564 res
81 2507 174 2584 ignem
188 2517 285 2564 tenere
297 2503 439 2563 ardentem
454 2503 603 2562 candidum
611 2529 620 2573 ;
643 2509 871 2588 ergointaiipro-

36 2584 117 2645 fundo
131 2585 197 2646 loco
212 2583 264 2642 alia
278 2581 415 2642 elementa
427 2582 500 2650 sunt,
513 2601 547 2642 ao
560 2584 589 2642 in
602 2584 740 2662 superiori.
761 2590 871 2656 Docuit

38 2661 167 2742 Boyleus,
186 2661 473 2740 quodignisliberatus
487 2663 521 2720 ab
536 2663 611 2724 A'e‘re
625 2669 873 2738 externo,desmat
979 2731 981 2735 ,

37 2741 105 2803 suum
117 2741 268 2820 pabulum,
287 2739 351 2799 hinc
361 2741 487 2805 videmus
500 2742 594 2817 ignem
608 2743 638 2804 in
652 2761 743 2805 vacuo
750 2746 874 2825 Boylea·

39 2837 70 2880 no
82 2823 145 2884 ilico
159 2819 258 2882 cadere
271 2817 397 2880 deorsum
405 2843 414 2889 ;
436 2837 503 2896 ergo
517 2821 631 2894 videtis,
647 2824 733 2899 longe
746 2825 797 2885 alia
811 2825 876 2888 fieri.

40 2898 143 2962 inA'e're
155 2897 278 2976 resperni
290 2898 355 2969 loci,
369 2900 502 2978 quoniam
518 2900 545 2960 in
559 2917 618 2960 uno
639 2901 705 2960 loco
720 2903 803 2979 longe
817 2905 870 2964 alia

39 2996 176 3058 corporum
191 2977 330 3038 elementa
342 2978 413 3048 sunt,
427 2997 513 3056 quam
529 2981 557 3038 in
575 2980 649 3049 alin,
668 2979 715 3040 sed
728 2998 794 3042 cum
808 2981 870 3045 Aet

39 3056 172 3124 leusfimus
185 3054 242 3122 est,
261 3053 304 3113 illa
317 3055 463 3128 decidunt,
484 3057 503 3118 si
522 3058 703 3120 sereniffimtu
722 3059 753 3120 δι
771 3062 875 3136 mavis-

40 3135 169 3214 munst
181 3134 316 3198 tollunnu
330 3134 566 3276 &disperguntur

441 3289 443 3294 ,
507 3235 526 3295 t
767 3217 875 3295 „Secum
