<?xml version="1.0" encoding="UTF-8"?>
<!DOCTYPE html PUBLIC "-//W3C//DTD XHTML 1.0 Transitional//EN"
    "http://www.w3.org/TR/xhtml1/DTD/xhtml1-transitional.dtd">
<html xmlns="http://www.w3.org/1999/xhtml" xml:lang="en" lang="en">
 <head>
  <title>
</title>
<meta http-equiv="Content-Type" content="text/html;charset=utf-8" />
  <meta name='ocr-system' content='tesseract 3.04.00' />
  <meta name='ocr-capabilities' content='ocr_page ocr_carea ocr_par ocr_line ocrx_word'/>
</head>
<body>
  <div class='ocr_page' id='page_1' title='image "./hermanniboerhaa01boergoog_0204.png"; bbox 0 0 2108 3684; ppageno 0'>
   <div class='ocr_carea' id='block_1_1' title="bbox 150 149 975 252">
    <p class='ocr_par' dir='ltr' id='par_1_1' title="bbox 150 149 975 252">
     <span class='ocr_line' id='line_1_1' title="bbox 150 149 975 252; baseline -0.006 -19"><span class='ocrx_word' id='word_1_1' title='bbox 150 163 232 252; x_wconf 79' lang='lat'>&#39;198</span> <span class='ocrx_word' id='word_1_2' title='bbox 292 160 353 228; x_wconf 87' lang='lat' dir='ltr'><strong>DE</strong></span> <span class='ocrx_word' id='word_1_3' title='bbox 375 149 740 228; x_wconf 83' lang='lat' dir='ltr'><strong>INSTRUMENTIS</strong></span> <span class='ocrx_word' id='word_1_4' title='bbox 763 159 975 228; x_wconf 82' lang='lat' dir='ltr'><strong>CHEMIAE</strong></span> 
     </span>
    </p>
   </div>
   <div class='ocr_carea' id='block_1_2' title="bbox 26 262 1037 3310">
    <p class='ocr_par' dir='ltr' id='par_1_2' title="bbox 126 262 1037 578">
     <span class='ocr_line' id='line_1_2' title="bbox 126 262 1037 340; baseline 0 -16"><span class='ocrx_word' id='word_1_5' title='bbox 126 280 128 286; x_wconf 87' lang='lat'>·</span> <span class='ocrx_word' id='word_1_6' title='bbox 156 281 259 332; x_wconf 74' lang='lat' dir='ltr'><strong>mare,</strong></span> <span class='ocrx_word' id='word_1_7' title='bbox 276 262 306 320; x_wconf 91' lang='lat'>&amp;</span> <span class='ocrx_word' id='word_1_8' title='bbox 319 262 433 322; x_wconf 80' lang='lat' dir='ltr'><strong>tandem</strong></span> <span class='ocrx_word' id='word_1_9' title='bbox 442 263 567 338; x_wconf 78' lang='lat' dir='ltr'><strong>flammat</strong></span> <span class='ocrx_word' id='word_1_10' title='bbox 580 262 744 338; x_wconf 83' lang='lat' dir='ltr'><strong>concipere,</strong></span> <span class='ocrx_word' id='word_1_11' title='bbox 763 262 825 322; x_wconf 84' lang='lat' dir='ltr'><strong>sane</strong></span> <span class='ocrx_word' id='word_1_12' title='bbox 837 264 900 340; x_wconf 89' lang='lat' dir='ltr'><strong>quis</strong></span> <span class='ocrx_word' id='word_1_13' title='bbox 913 263 1037 324; x_wconf 58' lang='lat' dir='ltr'><strong>crede</strong></span> 
     </span>
     <span class='ocr_line' id='line_1_3' title="bbox 165 340 1037 417; baseline 0.001 -16"><span class='ocrx_word' id='word_1_14' title='bbox 165 355 208 402; x_wconf 84' lang='lat' dir='ltr'><strong>ret</strong></span> <span class='ocrx_word' id='word_1_15' title='bbox 222 340 455 417; x_wconf 66' lang='lat' dir='ltr'><strong>ferrum5snlphur</strong></span> <span class='ocrx_word' id='word_1_16' title='bbox 469 345 499 401; x_wconf 90' lang='lat'>&amp;</span> <span class='ocrx_word' id='word_1_17' title='bbox 510 357 630 417; x_wconf 68' lang='lat' dir='ltr'><strong>anunm,</strong></span> <span class='ocrx_word' id='word_1_18' title='bbox 670 360 715 400; x_wconf 83' lang='lat' dir='ltr'><strong>uae</strong></span> <span class='ocrx_word' id='word_1_19' title='bbox 727 341 837 402; x_wconf 87' lang='lat' dir='ltr'><strong>seorfim</strong></span> <span class='ocrx_word' id='word_1_20' title='bbox 847 342 916 400; x_wconf 84' lang='lat' dir='ltr'>nihil</span> <span class='ocrx_word' id='word_1_21' title='bbox 925 344 1037 402; x_wconf 66' lang='lat' dir='ltr'><strong>effici</strong></span> 
     </span>
     <span class='ocr_line' id='line_1_4' title="bbox 160 419 1037 498; baseline 0.003 -20"><span class='ocrx_word' id='word_1_22' title='bbox 160 432 233 489; x_wconf 83' lang='lat' dir='ltr'><strong>unt,</strong></span> <span class='ocrx_word' id='word_1_23' title='bbox 247 419 391 478; x_wconf 80' lang='lat' dir='ltr'><strong>commista</strong></span> <span class='ocrx_word' id='word_1_24' title='bbox 404 431 496 480; x_wconf 80' lang='lat' dir='ltr'><strong>tantos</strong></span> <span class='ocrx_word' id='word_1_25' title='bbox 509 419 621 479; x_wconf 71' lang='lat' dir='ltr'><strong>effecius</strong></span> <span class='ocrx_word' id='word_1_26' title='bbox 671 419 948 498; x_wconf 19' lang='lat' dir='ltr'><strong>ere-scepeiecitam</strong></span> <span class='ocrx_word' id='word_1_27' title='bbox 958 425 1037 481; x_wconf 80' lang='lat' dir='ltr'><strong>mi·</strong></span> 
     </span>
     <span class='ocr_line' id='line_1_5' title="bbox 162 498 1037 578; baseline 0 -19"><span class='ocrx_word' id='word_1_28' title='bbox 162 499 255 559; x_wconf 81' lang='lat' dir='ltr'><strong>rabilia</strong></span> <span class='ocrx_word' id='word_1_29' title='bbox 275 499 489 574; x_wconf 82' lang='lat' dir='ltr'><strong>experimenta,</strong></span> <span class='ocrx_word' id='word_1_30' title='bbox 509 498 555 558; x_wconf 86' lang='lat' dir='ltr'><strong>sed</strong></span> <span class='ocrx_word' id='word_1_31' title='bbox 570 499 634 558; x_wconf 79' lang='lat' dir='ltr'><strong>ituit</strong></span> <span class='ocrx_word' id='word_1_32' title='bbox 651 498 710 558; x_wconf 80' lang='lat' dir='ltr'><strong>latit</strong></span> <span class='ocrx_word' id='word_1_33' title='bbox 728 499 880 578; x_wconf 70' lang='lat' dir='ltr'><strong>ouicttloia</strong></span> <span class='ocrx_word' id='word_1_34' title='bbox 893 500 1037 576; x_wconf 79' lang='lat' dir='ltr'><strong>ignaris.</strong></span> 
     </span>
    </p>

    <p class='ocr_par' dir='ltr' id='par_1_3' title="bbox 161 577 1037 969">
     <span class='ocr_line' id='line_1_6' title="bbox 206 577 1037 655; baseline 0 -19"><span class='ocrx_word' id='word_1_35' title='bbox 206 577 246 636; x_wconf 87' lang='lat' dir='ltr'><strong>Hi</strong></span> <span class='ocrx_word' id='word_1_36' title='bbox 261 577 325 635; x_wconf 83' lang='lat' dir='ltr'><strong>iunt</strong></span> <span class='ocrx_word' id='word_1_37' title='bbox 342 577 460 652; x_wconf 85' lang='lat' dir='ltr'><strong>primani</strong></span> <span class='ocrx_word' id='word_1_38' title='bbox 475 578 553 638; x_wconf 87' lang='lat' dir='ltr'><strong>modi</strong></span> <span class='ocrx_word' id='word_1_39' title='bbox 564 579 671 654; x_wconf 76' lang='lat' dir='ltr'><strong>Ignem</strong></span> <span class='ocrx_word' id='word_1_40' title='bbox 690 578 881 655; x_wconf 70' lang='lat' dir='ltr'><strong>producendi,</strong></span> <span class='ocrx_word' id='word_1_41' title='bbox 899 579 949 637; x_wconf 86' lang='lat' dir='ltr'><strong>sed</strong></span> <span class='ocrx_word' id='word_1_42' title='bbox 966 580 1037 654; x_wconf 87' lang='lat' dir='ltr'><strong>Ig-</strong></span> 
     </span>
     <span class='ocr_line' id='line_1_7' title="bbox 162 651 1037 734; baseline -0.002 -18"><span class='ocrx_word' id='word_1_43' title='bbox 162 655 207 716; x_wconf 78' lang='lat' dir='ltr'><strong>nis</strong></span> <span class='ocrx_word' id='word_1_44' title='bbox 221 655 350 714; x_wconf 74' lang='lat' dir='ltr'><strong>coileeius</strong></span> <span class='ocrx_word' id='word_1_45' title='bbox 362 655 469 734; x_wconf 79' lang='lat' dir='ltr'><strong>semper</strong></span> <span class='ocrx_word' id='word_1_46' title='bbox 486 675 515 715; x_wconf 88' lang='lat' dir='ltr'><strong>re</strong></span> <span class='ocrx_word' id='word_1_47' title='bbox 536 655 598 731; x_wconf 74' lang='lat' dir='ltr'><strong>ut‘rit</strong></span> <span class='ocrx_word' id='word_1_48' title='bbox 611 674 709 734; x_wconf 79' lang='lat' dir='ltr'><strong>corpus</strong></span> <span class='ocrx_word' id='word_1_49' title='bbox 715 657 745 715; x_wconf 89' lang='lat' dir='ltr'><strong>in</strong></span> <span class='ocrx_word' id='word_1_50' title='bbox 758 651 817 734; x_wconf 81' lang='lat' dir='ltr'><strong>quo</strong></span> <span class='ocrx_word' id='word_1_51' title='bbox 830 656 1011 716; x_wconf 84' lang='lat' dir='ltr'><strong>continetur</strong></span> <span class='ocrx_word' id='word_1_52' title='bbox 1021 699 1037 726; x_wconf 88' lang='lat'><strong>,</strong></span> 
     </span>
     <span class='ocr_line' id='line_1_8' title="bbox 164 675 1033 821; baseline 0.003 -30"><span class='ocrx_word' id='word_1_53' title='bbox 164 733 242 792; x_wconf 70' lang='lat' dir='ltr'><strong>aliter</strong></span> <span class='ocrx_word' id='word_1_54' title='bbox 260 735 340 821; x_wconf 83' lang='lat' dir='ltr'><strong>omni</strong></span> <span class='ocrx_word' id='word_1_55' title='bbox 354 747 503 794; x_wconf 85' lang='lat' dir='ltr'><strong>momento</strong></span> <span class='ocrx_word' id='word_1_56' title='bbox 516 675 595 794; x_wconf 51' lang='lat' dir='ltr'><strong>zelet</strong></span> <span class='ocrx_word' id='word_1_57' title='bbox 608 737 681 812; x_wconf 83' lang='lat' dir='ltr'><strong>Ignis</strong></span> <span class='ocrx_word' id='word_1_58' title='bbox 701 753 800 812; x_wconf 85' lang='lat' dir='ltr'><strong>vagus:</strong></span> <span class='ocrx_word' id='word_1_59' title='bbox 820 737 875 794; x_wconf 89' lang='lat' dir='ltr'><strong>hoc</strong></span> <span class='ocrx_word' id='word_1_60' title='bbox 887 734 1033 794; x_wconf 89' lang='lat' dir='ltr'><strong>eviden-</strong></span> 
     </span>
     <span class='ocr_line' id='line_1_9' title="bbox 161 809 1033 890; baseline 0.002 -20"><span class='ocrx_word' id='word_1_61' title='bbox 161 809 262 871; x_wconf 74' lang='lat' dir='ltr'><strong>citimi</strong></span> <span class='ocrx_word' id='word_1_62' title='bbox 283 823 372 888; x_wconf 78' lang='lat' dir='ltr'><strong>petet,</strong></span> <span class='ocrx_word' id='word_1_63' title='bbox 392 813 490 872; x_wconf 79' lang='lat' dir='ltr'><strong>ntmfi</strong></span> <span class='ocrx_word' id='word_1_64' title='bbox 505 833 530 872; x_wconf 87' lang='lat' dir='ltr'><strong>e:</strong></span> <span class='ocrx_word' id='word_1_65' title='bbox 547 831 572 890; x_wconf 76' lang='lat' dir='ltr'><strong>gr</strong></span> <span class='ocrx_word' id='word_1_66' title='bbox 593 832 678 890; x_wconf 76' lang='lat' dir='ltr'><strong>pruna</strong></span> <span class='ocrx_word' id='word_1_67' title='bbox 691 813 786 874; x_wconf 76' lang='lat' dir='ltr'><strong>ardens</strong></span> <span class='ocrx_word' id='word_1_68' title='bbox 801 832 859 876; x_wconf 88' lang='lat' dir='ltr'><strong>uno</strong></span> <span class='ocrx_word' id='word_1_69' title='bbox 872 830 1033 876; x_wconf 78' lang='lat' dir='ltr'><strong>momen-</strong></span> 
     </span>
     <span class='ocr_line' id='line_1_10' title="bbox 163 891 1027 969; baseline 0.001 -20"><span class='ocrx_word' id='word_1_70' title='bbox 163 899 196 949; x_wconf 86' lang='lat' dir='ltr'><strong>to</strong></span> <span class='ocrx_word' id='word_1_71' title='bbox 211 900 398 952; x_wconf 78' lang='lat' dir='ltr'>contereretur</span> <span class='ocrx_word' id='word_1_72' title='bbox 417 893 446 951; x_wconf 88' lang='lat' dir='ltr'><strong>in</strong></span> <span class='ocrx_word' id='word_1_73' title='bbox 459 893 603 969; x_wconf 85' lang='lat' dir='ltr'><strong>pulverem</strong></span> <span class='ocrx_word' id='word_1_74' title='bbox 621 893 826 964; x_wconf 80' lang='lat' dir='ltr'><strong>tenuissimum,</strong></span> <span class='ocrx_word' id='word_1_75' title='bbox 853 894 882 951; x_wconf 75' lang='grc' dir='ltr'><strong>δι</strong></span> <span class='ocrx_word' id='word_1_76' title='bbox 895 893 924 950; x_wconf 89' lang='lat' dir='ltr'><strong>in</strong></span> <span class='ocrx_word' id='word_1_77' title='bbox 936 891 1027 950; x_wconf 91' lang='lat' dir='ltr'><strong>ioco</strong></span> 
     </span>
    </p>

    <p class='ocr_par' dir='ltr' id='par_1_4' title="bbox 111 967 1037 2048">
     <span class='ocr_line' id='line_1_11' title="bbox 111 967 1028 1048; baseline 0.003 -21"><span class='ocrx_word' id='word_1_78' title='bbox 111 1033 113 1040; x_wconf 27' lang='lat'><strong>¹</strong></span> <span class='ocrx_word' id='word_1_79' title='bbox 163 967 264 1043; x_wconf 78' lang='lat' dir='ltr'><strong>iiigido</strong></span> <span class='ocrx_word' id='word_1_80' title='bbox 282 982 455 1046; x_wconf 79' lang='lat' dir='ltr'>poneretur,</span> <span class='ocrx_word' id='word_1_81' title='bbox 477 971 551 1032; x_wconf 91' lang='lat' dir='ltr'><strong>illico</strong></span> <span class='ocrx_word' id='word_1_82' title='bbox 577 972 678 1032; x_wconf 39' lang='lat' dir='ltr'><strong>omnis*</strong></span> <span class='ocrx_word' id='word_1_83' title='bbox 692 973 764 1048; x_wconf 84' lang='lat' dir='ltr'>Ignis</span> <span class='ocrx_word' id='word_1_84' title='bbox 782 972 889 1040; x_wconf 83' lang='lat' dir='ltr'><strong>abiret,</strong></span> <span class='ocrx_word' id='word_1_85' title='bbox 915 969 965 1028; x_wconf 84' lang='lat' dir='ltr'><strong>sed</strong></span> <span class='ocrx_word' id='word_1_86' title='bbox 996 971 1028 1030; x_wconf 83' lang='lat' dir='ltr'><strong>sr</strong></span> 
     </span>
     <span class='ocr_line' id='line_1_12' title="bbox 161 1045 1028 1126; baseline 0.003 -20"><span class='ocrx_word' id='word_1_87' title='bbox 161 1045 267 1122; x_wconf 76' lang='lat' dir='ltr'><strong>Integra</strong></span> <span class='ocrx_word' id='word_1_88' title='bbox 286 1047 449 1126; x_wconf 89' lang='lat' dir='ltr'><strong>relinquitur</strong></span> <span class='ocrx_word' id='word_1_89' title='bbox 466 1089 475 1118; x_wconf 90' lang='lat'><strong>,</strong></span> <span class='ocrx_word' id='word_1_90' title='bbox 500 1063 559 1110; x_wconf 86' lang='lat' dir='ltr'><strong>tarn</strong></span> <span class='ocrx_word' id='word_1_91' title='bbox 579 1051 627 1110; x_wconf 87' lang='lat' dir='ltr'><strong>diu</strong></span> <span class='ocrx_word' id='word_1_92' title='bbox 642 1049 741 1111; x_wconf 87' lang='lat' dir='ltr'><strong>retinet</strong></span> <span class='ocrx_word' id='word_1_93' title='bbox 760 1049 836 1109; x_wconf 89' lang='lat' dir='ltr'><strong>iilum</strong></span> <span class='ocrx_word' id='word_1_94' title='bbox 857 1050 959 1124; x_wconf 83' lang='lat' dir='ltr'><strong>Ignem</strong></span> <span class='ocrx_word' id='word_1_95' title='bbox 979 1063 1028 1110; x_wconf 91' lang='lat' dir='ltr'><strong>ut</strong></span> 
     </span>
     <span class='ocr_line' id='line_1_13' title="bbox 162 1123 1028 1206; baseline 0.003 -22"><span class='ocrx_word' id='word_1_96' title='bbox 162 1123 278 1186; x_wconf 82' lang='lat' dir='ltr'><strong>tandem</strong></span> <span class='ocrx_word' id='word_1_97' title='bbox 298 1126 449 1188; x_wconf 80' lang='lat' dir='ltr'><strong>incineret</strong></span> <span class='ocrx_word' id='word_1_98' title='bbox 467 1141 610 1190; x_wconf 75' lang='lat' dir='ltr'><strong>vertatur:</strong></span> <span class='ocrx_word' id='word_1_99' title='bbox 638 1146 737 1206; x_wconf 82' lang='lat' dir='ltr'><strong>corpus</strong></span> <span class='ocrx_word' id='word_1_100' title='bbox 756 1129 812 1187; x_wconf 92' lang='lat' dir='ltr'><strong>hoc</strong></span> <span class='ocrx_word' id='word_1_101' title='bbox 833 1127 933 1187; x_wconf 89' lang='lat' dir='ltr'><strong>dicitur</strong></span> <span class='ocrx_word' id='word_1_102' title='bbox 960 1129 1028 1187; x_wconf 80' lang='lat' dir='ltr'><strong>ali-</strong></span> 
     </span>
     <span class='ocr_line' id='line_1_14' title="bbox 163 1205 1037 1282; baseline 0.002 -20"><span class='ocrx_word' id='word_1_103' title='bbox 163 1216 293 1264; x_wconf 82' lang='lat' dir='ltr'><strong>mentum</strong></span> <span class='ocrx_word' id='word_1_104' title='bbox 306 1205 352 1280; x_wconf 76' lang='lat' dir='ltr'><strong>vel</strong></span> <span class='ocrx_word' id='word_1_105' title='bbox 366 1206 535 1268; x_wconf 75' lang='lat' dir='ltr'><strong>domuncula</strong></span> <span class='ocrx_word' id='word_1_106' title='bbox 549 1208 637 1282; x_wconf 82' lang='lat' dir='ltr'><strong>Ignis,</strong></span> <span class='ocrx_word' id='word_1_107' title='bbox 658 1206 704 1268; x_wconf 83' lang='lat' dir='ltr'><strong>fed</strong></span> <span class='ocrx_word' id='word_1_108' title='bbox 719 1205 1037 1282; x_wconf 47' lang='lat' dir='ltr'><strong>haeccorporaduplis</strong></span> 
     </span>
     <span class='ocr_line' id='line_1_15' title="bbox 161 1282 1023 1361; baseline 0.003 -20"><span class='ocrx_word' id='word_1_109' title='bbox 161 1282 208 1343; x_wconf 71' lang='lat' dir='ltr'><strong>oia</strong></span> <span class='ocrx_word' id='word_1_110' title='bbox 221 1283 289 1348; x_wconf 70' lang='lat' dir='ltr'><strong>sunt</strong></span> <span class='ocrx_word' id='word_1_111' title='bbox 325 1285 438 1345; x_wconf 80' lang='lat' dir='ltr'><strong>Primo:</strong></span> <span class='ocrx_word' id='word_1_112' title='bbox 456 1285 587 1348; x_wconf 75' lang='lat' dir='ltr'><strong>nonnulla</strong></span> <span class='ocrx_word' id='word_1_113' title='bbox 605 1303 722 1359; x_wconf 78' lang='lat' dir='ltr'><strong>corpon</strong></span> <span class='ocrx_word' id='word_1_114' title='bbox 741 1285 802 1346; x_wconf 87' lang='lat' dir='ltr'><strong>sunt</strong></span> <span class='ocrx_word' id='word_1_115' title='bbox 814 1303 880 1361; x_wconf 85' lang='lat' dir='ltr'><strong>quae</strong></span> <span class='ocrx_word' id='word_1_116' title='bbox 903 1285 1023 1361; x_wconf 82' lang='lat' dir='ltr'><strong>Ignem</strong></span> 
     </span>
     <span class='ocr_line' id='line_1_16' title="bbox 163 1361 1025 1438; baseline 0.003 -18"><span class='ocrx_word' id='word_1_117' title='bbox 163 1362 317 1438; x_wconf 73' lang='lat' dir='ltr'><strong>acciplunt,</strong></span> <span class='ocrx_word' id='word_1_118' title='bbox 336 1365 477 1432; x_wconf 76' lang='lat' dir='ltr'><strong>retinent,</strong></span> <span class='ocrx_word' id='word_1_119' title='bbox 495 1379 548 1422; x_wconf 89' lang='lat' dir='ltr'><strong>nec</strong></span> <span class='ocrx_word' id='word_1_120' title='bbox 567 1361 601 1422; x_wconf 82' lang='lat' dir='ltr'><strong>ab</strong></span> <span class='ocrx_word' id='word_1_121' title='bbox 621 1362 690 1436; x_wconf 87' lang='lat' dir='ltr'><strong>igne</strong></span> <span class='ocrx_word' id='word_1_122' title='bbox 709 1362 932 1432; x_wconf 84' lang='lat' dir='ltr'><strong>consumuntur,</strong></span> <span class='ocrx_word' id='word_1_123' title='bbox 952 1366 1025 1423; x_wconf 85' lang='lat' dir='ltr'><strong>tale</strong></span> 
     </span>
     <span class='ocr_line' id='line_1_17' title="bbox 162 1438 1025 1520; baseline -0.001 -18"><span class='ocrx_word' id='word_1_124' title='bbox 162 1439 202 1511; x_wconf 78' lang='lat' dir='ltr'><strong>eii</strong></span> <span class='ocrx_word' id='word_1_125' title='bbox 212 1440 385 1520; x_wconf 82' lang='lat' dir='ltr'>Phosphorus</span> <span class='ocrx_word' id='word_1_126' title='bbox 397 1441 444 1502; x_wconf 89' lang='lat' dir='ltr'><strong>sub</strong></span> <span class='ocrx_word' id='word_1_127' title='bbox 462 1438 668 1517; x_wconf 68' lang='lat' dir='ltr'><strong>cunibertus,</strong></span> <span class='ocrx_word' id='word_1_128' title='bbox 687 1438 744 1500; x_wconf 89' lang='lat' dir='ltr'><strong>hoc</strong></span> <span class='ocrx_word' id='word_1_129' title='bbox 757 1457 833 1498; x_wconf 88' lang='lat' dir='ltr'><strong>voco</strong></span> <span class='ocrx_word' id='word_1_130' title='bbox 847 1440 1025 1501; x_wconf 86' lang='lat' dir='ltr'><strong>domuncu-</strong></span> 
     </span>
     <span class='ocr_line' id='line_1_18' title="bbox 160 1517 1023 1598; baseline -0.005 -14"><span class='ocrx_word' id='word_1_131' title='bbox 160 1519 217 1584; x_wconf 79' lang='lat' dir='ltr'><strong>lam</strong></span> <span class='ocrx_word' id='word_1_132' title='bbox 232 1521 311 1596; x_wconf 86' lang='lat' dir='ltr'><strong>Ignis,</strong></span> <span class='ocrx_word' id='word_1_133' title='bbox 331 1518 475 1598; x_wconf 68' lang='lat' dir='ltr'><strong>Secundo:</strong></span> <span class='ocrx_word' id='word_1_134' title='bbox 494 1518 532 1578; x_wconf 86' lang='lat' dir='ltr'><strong>eii</strong></span> <span class='ocrx_word' id='word_1_135' title='bbox 543 1518 609 1582; x_wconf 82' lang='lat' dir='ltr'><strong>alius</strong></span> <span class='ocrx_word' id='word_1_136' title='bbox 623 1517 725 1580; x_wconf 84' lang='lat' dir='ltr'><strong>modus</strong></span> <span class='ocrx_word' id='word_1_137' title='bbox 736 1517 869 1578; x_wconf 86' lang='lat' dir='ltr'><strong>retinendi</strong></span> <span class='ocrx_word' id='word_1_138' title='bbox 885 1519 1023 1593; x_wconf 85' lang='lat' dir='ltr'><strong>ignem,</strong></span> 
     </span>
     <span class='ocr_line' id='line_1_19' title="bbox 161 1595 1021 1676; baseline 0.003 -19"><span class='ocrx_word' id='word_1_139' title='bbox 161 1615 222 1676; x_wconf 88' lang='lat' dir='ltr'><strong>quo</strong></span> <span class='ocrx_word' id='word_1_140' title='bbox 235 1599 369 1660; x_wconf 84' lang='lat' dir='ltr'><strong>continuo</strong></span> <span class='ocrx_word' id='word_1_141' title='bbox 382 1595 564 1676; x_wconf 71' lang='lat' dir='ltr'><strong>suppeditant</strong></span> <span class='ocrx_word' id='word_1_142' title='bbox 577 1596 709 1674; x_wconf 70' lang='lat' dir='ltr'><strong>pabulum</strong></span> <span class='ocrx_word' id='word_1_143' title='bbox 722 1595 792 1671; x_wconf 83' lang='lat' dir='ltr'><strong>igni,</strong></span> <span class='ocrx_word' id='word_1_144' title='bbox 806 1595 834 1656; x_wconf 93' lang='lat' dir='ltr'><strong>id</strong></span> <span class='ocrx_word' id='word_1_145' title='bbox 854 1596 892 1656; x_wconf 82' lang='lat' dir='ltr'><strong>est</strong></span> <span class='ocrx_word' id='word_1_146' title='bbox 904 1595 1021 1660; x_wconf 81' lang='lat' dir='ltr'><strong>iocum</strong></span> 
     </span>
     <span class='ocr_line' id='line_1_20' title="bbox 160 1674 1019 1756; baseline -0.001 -19"><span class='ocrx_word' id='word_1_147' title='bbox 160 1678 192 1738; x_wconf 88' lang='lat' dir='ltr'><strong>in</strong></span> <span class='ocrx_word' id='word_1_148' title='bbox 212 1695 271 1756; x_wconf 89' lang='lat' dir='ltr'><strong>quo</strong></span> <span class='ocrx_word' id='word_1_149' title='bbox 292 1679 365 1756; x_wconf 73' lang='lat' dir='ltr'><strong>Ignis</strong></span> <span class='ocrx_word' id='word_1_150' title='bbox 380 1677 530 1756; x_wconf 83' lang='lat' dir='ltr'><strong>colligitur,</strong></span> <span class='ocrx_word' id='word_1_151' title='bbox 546 1675 594 1738; x_wconf 83' lang='lat' dir='ltr'><strong>led</strong></span> <span class='ocrx_word' id='word_1_152' title='bbox 611 1693 678 1736; x_wconf 88' lang='lat' dir='ltr'><strong>cum</strong></span> <span class='ocrx_word' id='word_1_153' title='bbox 691 1675 789 1736; x_wconf 89' lang='lat' dir='ltr'><strong>retinet</strong></span> <span class='ocrx_word' id='word_1_154' title='bbox 802 1674 1019 1750; x_wconf 86' lang='lat' dir='ltr'><strong>illumignem,</strong></span> 
     </span>
     <span class='ocr_line' id='line_1_21' title="bbox 160 1751 1017 1834; baseline -0.009 -12"><span class='ocrx_word' id='word_1_155' title='bbox 160 1757 333 1832; x_wconf 80' lang='lat' dir='ltr'><strong>consumitur</strong></span> <span class='ocrx_word' id='word_1_156' title='bbox 346 1756 381 1819; x_wconf 78' lang='lat' dir='ltr'><strong>tir</strong></span> <span class='ocrx_word' id='word_1_157' title='bbox 400 1757 479 1834; x_wconf 86' lang='lat' dir='ltr'><strong>igne,</strong></span> <span class='ocrx_word' id='word_1_158' title='bbox 497 1755 527 1820; x_wconf 86' lang='lat' dir='ltr'><strong>id</strong></span> <span class='ocrx_word' id='word_1_159' title='bbox 541 1755 579 1816; x_wconf 77' lang='lat' dir='ltr'><strong>eii</strong></span> <span class='ocrx_word' id='word_1_160' title='bbox 597 1753 710 1818; x_wconf 81' lang='lat' dir='ltr'><strong>uoittile</strong></span> <span class='ocrx_word' id='word_1_161' title='bbox 729 1751 871 1824; x_wconf 81' lang='lat' dir='ltr'><strong>recidintr,</strong></span> <span class='ocrx_word' id='word_1_162' title='bbox 890 1755 922 1812; x_wconf 85' lang='lat'>&amp;</span> <span class='ocrx_word' id='word_1_163' title='bbox 935 1772 1017 1814; x_wconf 83' lang='lat' dir='ltr'><strong>avo-</strong></span> 
     </span>
     <span class='ocr_line' id='line_1_22' title="bbox 160 1831 1015 1911; baseline -0.001 -17"><span class='ocrx_word' id='word_1_164' title='bbox 160 1836 200 1898; x_wconf 76' lang='lat' dir='ltr'><strong>lat</strong></span> <span class='ocrx_word' id='word_1_165' title='bbox 218 1835 248 1893; x_wconf 84' lang='lat' dir='ltr'><strong>ln</strong></span> <span class='ocrx_word' id='word_1_166' title='bbox 266 1853 342 1896; x_wconf 74' lang='lat' dir='ltr'>auras</span> <span class='ocrx_word' id='word_1_167' title='bbox 362 1877 372 1903; x_wconf 93' lang='lat'><strong>,</strong></span> <span class='ocrx_word' id='word_1_168' title='bbox 409 1835 498 1911; x_wconf 78' lang='lat' dir='ltr'><strong>specie</strong></span> <span class='ocrx_word' id='word_1_169' title='bbox 517 1834 642 1898; x_wconf 79' lang='lat' dir='ltr'><strong>fltmmae</strong></span> <span class='ocrx_word' id='word_1_170' title='bbox 660 1833 707 1897; x_wconf 79' lang='lat' dir='ltr'><strong>rei</strong></span> <span class='ocrx_word' id='word_1_171' title='bbox 727 1831 796 1892; x_wconf 83' lang='lat' dir='ltr'><strong>lucit</strong></span> <span class='ocrx_word' id='word_1_172' title='bbox 815 1873 825 1904; x_wconf 89' lang='lat'><strong>,</strong></span> <span class='ocrx_word' id='word_1_173' title='bbox 856 1850 934 1893; x_wconf 79' lang='lat' dir='ltr'><strong>voco</strong></span> <span class='ocrx_word' id='word_1_174' title='bbox 950 1835 1015 1893; x_wconf 82' lang='lat' dir='ltr'><strong>tale</strong></span> 
     </span>
     <span class='ocr_line' id='line_1_23' title="bbox 160 1912 512 2048; baseline -0.014 -74"><span class='ocrx_word' id='word_1_175' title='bbox 160 1929 261 1988; x_wconf 86' lang='lat' dir='ltr'><strong>corpus</strong></span> <span class='ocrx_word' id='word_1_176' title='bbox 280 1912 410 1998; x_wconf 74' lang='lat' dir='ltr'><strong>pabulum</strong></span> <span class='ocrx_word' id='word_1_177' title='bbox 431 1913 512 2048; x_wconf 31' lang='lat'><strong>¹3¹¹&amp;</strong></span> 
     </span>
    </p>

    <p class='ocr_par' dir='ltr' id='par_1_5' title="bbox 156 1986 1009 3012">
     <span class='ocr_line' id='line_1_24' title="bbox 202 1986 1009 2067; baseline -0.001 -17"><span class='ocrx_word' id='word_1_178' title='bbox 202 1991 345 2065; x_wconf 85' lang='lat' dir='ltr'><strong>Quaeritur</strong></span> <span class='ocrx_word' id='word_1_179' title='bbox 357 1988 425 2067; x_wconf 82' lang='lat' dir='ltr'><strong>quid</strong></span> <span class='ocrx_word' id='word_1_180' title='bbox 486 1986 721 2066; x_wconf 74' lang='lat' dir='ltr'><strong>pabulumigntst</strong></span> <span class='ocrx_word' id='word_1_181' title='bbox 741 1988 778 2048; x_wconf 88' lang='lat' dir='ltr'><strong>est</strong></span> <span class='ocrx_word' id='word_1_182' title='bbox 790 1988 880 2050; x_wconf 88' lang='lat' dir='ltr'><strong>solum</strong></span> <span class='ocrx_word' id='word_1_183' title='bbox 894 1987 1009 2061; x_wconf 88' lang='lat' dir='ltr'><strong>oleum,</strong></span> 
     </span>
     <span class='ocr_line' id='line_1_25' title="bbox 160 2064 1008 2144; baseline -0.004 -16"><span class='ocrx_word' id='word_1_184' title='bbox 160 2067 219 2128; x_wconf 86' lang='lat' dir='ltr'><strong>hoc</strong></span> <span class='ocrx_word' id='word_1_185' title='bbox 230 2079 306 2144; x_wconf 75' lang='lat' dir='ltr'><strong>patet</strong></span> <span class='ocrx_word' id='word_1_186' title='bbox 319 2082 406 2144; x_wconf 77' lang='lat' dir='ltr'><strong>quam</strong></span> <span class='ocrx_word' id='word_1_187' title='bbox 420 2064 576 2128; x_wconf 78' lang='lat' dir='ltr'><strong>clariffime.</strong></span> <span class='ocrx_word' id='word_1_188' title='bbox 616 2065 687 2130; x_wconf 86' lang='lat' dir='ltr'><strong>Illud</strong></span> <span class='ocrx_word' id='word_1_189' title='bbox 708 2066 804 2127; x_wconf 86' lang='lat' dir='ltr'><strong>oleum</strong></span> <span class='ocrx_word' id='word_1_190' title='bbox 820 2067 858 2128; x_wconf 88' lang='lat' dir='ltr'><strong>est</strong></span> <span class='ocrx_word' id='word_1_191' title='bbox 877 2068 922 2128; x_wconf 83' lang='lat' dir='ltr'><strong>vel</strong></span> <span class='ocrx_word' id='word_1_192' title='bbox 941 2069 1008 2126; x_wconf 57' lang='lat' dir='ltr'><strong>suu</strong></span> 
     </span>
     <span class='ocr_line' id='line_1_26' title="bbox 159 2142 1005 2222; baseline -0.008 -12"><span class='ocrx_word' id='word_1_193' title='bbox 159 2145 311 2210; x_wconf 78' lang='lat' dir='ltr'><strong>tillffimum</strong></span> <span class='ocrx_word' id='word_1_194' title='bbox 339 2142 419 2221; x_wconf 79' lang='lat' dir='ltr'><strong>quoti</strong></span> <span class='ocrx_word' id='word_1_195' title='bbox 444 2144 537 2209; x_wconf 73' lang='lat' dir='ltr'><strong>haberi</strong></span> <span class='ocrx_word' id='word_1_196' title='bbox 554 2143 667 2222; x_wconf 75' lang='lat' dir='ltr'><strong>potest,</strong></span> <span class='ocrx_word' id='word_1_197' title='bbox 694 2146 859 2208; x_wconf 81' lang='lat' dir='ltr'><strong>&amp;vocatur</strong></span> <span class='ocrx_word' id='word_1_198' title='bbox 881 2145 1005 2218; x_wconf 82' lang='lat' dir='ltr'><strong>aicohoi,</strong></span> 
     </span>
     <span class='ocr_line' id='line_1_27' title="bbox 162 2221 1003 2300; baseline 0.004 -17"><span class='ocrx_word' id='word_1_199' title='bbox 162 2235 199 2284; x_wconf 83' lang='lat' dir='ltr'><strong>erc</strong></span> <span class='ocrx_word' id='word_1_200' title='bbox 211 2239 390 2300; x_wconf 80' lang='lat' dir='ltr'><strong>quantunque</strong></span> <span class='ocrx_word' id='word_1_201' title='bbox 404 2241 434 2283; x_wconf 88' lang='lat' dir='ltr'><strong>re</strong></span> <span class='ocrx_word' id='word_1_202' title='bbox 453 2223 637 2300; x_wconf 68' lang='lat' dir='ltr'><strong>productum,</strong></span> <span class='ocrx_word' id='word_1_203' title='bbox 656 2222 703 2294; x_wconf 72' lang='lat' dir='ltr'><strong>uel</strong></span> <span class='ocrx_word' id='word_1_204' title='bbox 721 2221 759 2280; x_wconf 88' lang='lat' dir='ltr'><strong>est</strong></span> <span class='ocrx_word' id='word_1_205' title='bbox 771 2222 867 2284; x_wconf 88' lang='lat' dir='ltr'><strong>oleum</strong></span> <span class='ocrx_word' id='word_1_206' title='bbox 878 2225 949 2294; x_wconf 78' lang='lat' dir='ltr'><strong>tale,</strong></span> <span class='ocrx_word' id='word_1_207' title='bbox 969 2239 1003 2286; x_wconf 92' lang='lat' dir='ltr'><strong>ut</strong></span> 
     </span>
     <span class='ocr_line' id='line_1_28' title="bbox 160 2299 1000 2380; baseline 0.002 -19"><span class='ocrx_word' id='word_1_208' title='bbox 160 2317 244 2380; x_wconf 69' lang='lat' dir='ltr'><strong>¹tque</strong></span> <span class='ocrx_word' id='word_1_209' title='bbox 257 2301 411 2378; x_wconf 83' lang='lat' dir='ltr'><strong>permisceri</strong></span> <span class='ocrx_word' id='word_1_210' title='bbox 423 2315 550 2380; x_wconf 81' lang='lat' dir='ltr'><strong>nequeat.</strong></span> <span class='ocrx_word' id='word_1_211' title='bbox 569 2301 641 2360; x_wconf 78' lang='lat' dir='ltr'><strong>Olet</strong></span> <span class='ocrx_word' id='word_1_212' title='bbox 654 2299 817 2364; x_wconf 82' lang='lat' dir='ltr'><strong>subtiliifirna</strong></span> <span class='ocrx_word' id='word_1_213' title='bbox 830 2303 892 2362; x_wconf 85' lang='lat' dir='ltr'><strong>sunt</strong></span> <span class='ocrx_word' id='word_1_214' title='bbox 903 2303 1000 2363; x_wconf 84' lang='lat' dir='ltr'><strong>Petro-</strong></span> 
     </span>
     <span class='ocr_line' id='line_1_29' title="bbox 159 2376 1001 2458; baseline 0.007 -22"><span class='ocrx_word' id='word_1_215' title='bbox 159 2382 236 2451; x_wconf 55' lang='grc' dir='ltr'><strong>καφ</strong></span> <span class='ocrx_word' id='word_1_216' title='bbox 245 2423 254 2449; x_wconf 88' lang='grc'><strong>,</strong></span> <span class='ocrx_word' id='word_1_217' title='bbox 263 2381 391 2456; x_wconf 77' lang='lat' dir='ltr'><strong>antha,</strong></span> <span class='ocrx_word' id='word_1_218' title='bbox 408 2382 511 2458; x_wconf 73' lang='lat' dir='ltr'><strong>spiritus</strong></span> <span class='ocrx_word' id='word_1_219' title='bbox 526 2376 734 2446; x_wconf 77' lang='lat' dir='ltr'><strong>Terebinthinae</strong></span> <span class='ocrx_word' id='word_1_220' title='bbox 749 2379 804 2438; x_wconf 78' lang='lat' dir='ltr'><strong>&amp;ct</strong></span> <span class='ocrx_word' id='word_1_221' title='bbox 813 2399 878 2456; x_wconf 73' lang='lat' dir='ltr'><strong>que</strong></span> <span class='ocrx_word' id='word_1_222' title='bbox 884 2381 945 2440; x_wconf 79' lang='lat' dir='ltr'><strong>olea</strong></span> <span class='ocrx_word' id='word_1_223' title='bbox 951 2383 1001 2444; x_wconf 87' lang='lat' dir='ltr'><strong>vix</strong></span> 
     </span>
     <span class='ocr_line' id='line_1_30' title="bbox 159 2454 1001 2536; baseline 0 -16"><span class='ocrx_word' id='word_1_224' title='bbox 159 2461 298 2536; x_wconf 83' lang='lat' dir='ltr'><strong>attingunt</strong></span> <span class='ocrx_word' id='word_1_225' title='bbox 312 2460 428 2536; x_wconf 88' lang='lat' dir='ltr'><strong>Ignem,</strong></span> <span class='ocrx_word' id='word_1_226' title='bbox 445 2460 513 2536; x_wconf 89' lang='lat' dir='ltr'><strong>quin</strong></span> <span class='ocrx_word' id='word_1_227' title='bbox 530 2456 637 2534; x_wconf 82' lang='lat' dir='ltr'><strong>penitus</strong></span> <span class='ocrx_word' id='word_1_228' title='bbox 657 2454 776 2520; x_wconf 78' lang='lat' dir='ltr'><strong>ardeant.</strong></span> <span class='ocrx_word' id='word_1_229' title='bbox 796 2459 868 2518; x_wconf 81' lang='lat' dir='ltr'><strong>Oica</strong></span> <span class='ocrx_word' id='word_1_230' title='bbox 882 2461 1001 2520; x_wconf 79' lang='lat' dir='ltr'><strong>cmffiffi-</strong></span> 
     </span>
     <span class='ocr_line' id='line_1_31' title="bbox 158 2531 1000 2616; baseline 0.002 -18"><span class='ocrx_word' id='word_1_231' title='bbox 158 2555 210 2610; x_wconf 64' lang='grc' dir='ltr'><strong>φα</strong></span> <span class='ocrx_word' id='word_1_232' title='bbox 228 2537 289 2598; x_wconf 78' lang='lat' dir='ltr'><strong>suu</strong></span> <span class='ocrx_word' id='word_1_233' title='bbox 308 2550 388 2600; x_wconf 83' lang='lat' dir='ltr'><strong>terrae</strong></span> <span class='ocrx_word' id='word_1_234' title='bbox 407 2535 557 2614; x_wconf 75' lang='lat' dir='ltr'><strong>permista,</strong></span> <span class='ocrx_word' id='word_1_235' title='bbox 583 2531 620 2592; x_wconf 79' lang='lat' dir='ltr'><strong>lic</strong></span> <span class='ocrx_word' id='word_1_236' title='bbox 646 2534 742 2601; x_wconf 69' lang='lat' dir='ltr'><strong>oleum</strong></span> <span class='ocrx_word' id='word_1_237' title='bbox 762 2537 873 2612; x_wconf 80' lang='lat' dir='ltr'><strong>vulgare</strong></span> <span class='ocrx_word' id='word_1_238' title='bbox 892 2539 1000 2616; x_wconf 88' lang='lat' dir='ltr'><strong>semper</strong></span> 
     </span>
     <span class='ocr_line' id='line_1_32' title="bbox 158 2611 999 2694; baseline -0.004 -14"><span class='ocrx_word' id='word_1_239' title='bbox 158 2617 200 2680; x_wconf 84' lang='lat' dir='ltr'><strong>est</strong></span> <span class='ocrx_word' id='word_1_240' title='bbox 218 2617 348 2694; x_wconf 86' lang='lat' dir='ltr'><strong>pabulum</strong></span> <span class='ocrx_word' id='word_1_241' title='bbox 365 2617 505 2684; x_wconf 77' lang='lat' dir='ltr'><strong>flammae,</strong></span> <span class='ocrx_word' id='word_1_242' title='bbox 525 2611 616 2675; x_wconf 84' lang='lat' dir='ltr'><strong>&amp;diu</strong></span> <span class='ocrx_word' id='word_1_243' title='bbox 630 2613 755 2674; x_wconf 84' lang='lat' dir='ltr'><strong>continet</strong></span> <span class='ocrx_word' id='word_1_244' title='bbox 767 2614 883 2692; x_wconf 89' lang='lat' dir='ltr'><strong>Ignem,</strong></span> <span class='ocrx_word' id='word_1_245' title='bbox 899 2617 945 2678; x_wconf 84' lang='lat' dir='ltr'><strong>sed</strong></span> <span class='ocrx_word' id='word_1_246' title='bbox 957 2632 999 2689; x_wconf 73' lang='lat' dir='ltr'><strong>rr-</strong></span> 
     </span>
     <span class='ocr_line' id='line_1_33' title="bbox 158 2691 998 2776; baseline 0.004 -20"><span class='ocrx_word' id='word_1_247' title='bbox 158 2713 227 2776; x_wconf 63' lang='lat' dir='ltr'><strong>rnen</strong></span> <span class='ocrx_word' id='word_1_248' title='bbox 239 2697 273 2756; x_wconf 80' lang='lat' dir='ltr'><strong>ab</strong></span> <span class='ocrx_word' id='word_1_249' title='bbox 287 2697 355 2772; x_wconf 79' lang='lat' dir='ltr'><strong>igno¹</strong></span> <span class='ocrx_word' id='word_1_250' title='bbox 369 2693 537 2756; x_wconf 84' lang='lat' dir='ltr'><strong>eonsumitur</strong></span> <span class='ocrx_word' id='word_1_251' title='bbox 545 2692 574 2752; x_wconf 90' lang='lat' dir='ltr'><strong>in</strong></span> <span class='ocrx_word' id='word_1_252' title='bbox 587 2691 731 2753; x_wconf 77' lang='lat' dir='ltr'><strong>materiam</strong></span> <span class='ocrx_word' id='word_1_253' title='bbox 744 2692 930 2756; x_wconf 83' lang='lat' dir='ltr'><strong>Insenstbilem.</strong></span> <span class='ocrx_word' id='word_1_254' title='bbox 949 2698 998 2759; x_wconf 86' lang='lat' dir='ltr'><strong>iila</strong></span> 
     </span>
     <span class='ocr_line' id='line_1_34' title="bbox 157 2767 995 2848; baseline 0 -10"><span class='ocrx_word' id='word_1_255' title='bbox 157 2771 475 2848; x_wconf 79' lang='lat' dir='ltr'><strong>oleasuntdupiicia,vei</strong></span> <span class='ocrx_word' id='word_1_256' title='bbox 490 2773 519 2830; x_wconf 90' lang='lat' dir='ltr'><strong>in</strong></span> <span class='ocrx_word' id='word_1_257' title='bbox 532 2768 620 2830; x_wconf 69' lang='lat' dir='ltr'><strong>formo</strong></span> <span class='ocrx_word' id='word_1_258' title='bbox 632 2767 724 2840; x_wconf 72' lang='lat' dir='ltr'><strong>solidi,</strong></span> <span class='ocrx_word' id='word_1_259' title='bbox 738 2773 787 2831; x_wconf 85' lang='lat' dir='ltr'><strong>vel</strong></span> <span class='ocrx_word' id='word_1_260' title='bbox 796 2771 891 2844; x_wconf 84' lang='lat' dir='ltr'><strong>fluidi,</strong></span> <span class='ocrx_word' id='word_1_261' title='bbox 904 2774 995 2838; x_wconf 85' lang='lat' dir='ltr'><strong>infor-</strong></span> 
     </span>
     <span class='ocr_line' id='line_1_35' title="bbox 158 2848 996 2928; baseline -0.014 -13"><span class='ocrx_word' id='word_1_262' title='bbox 158 2853 205 2928; x_wconf 73' lang='lat' dir='ltr'><strong>mi</strong></span> <span class='ocrx_word' id='word_1_263' title='bbox 218 2849 286 2914; x_wconf 70' lang='lat' dir='ltr'><strong>ficei</strong></span> <span class='ocrx_word' id='word_1_264' title='bbox 303 2851 364 2912; x_wconf 81' lang='lat' dir='ltr'><strong>suit</strong></span> <span class='ocrx_word' id='word_1_265' title='bbox 376 2851 438 2912; x_wconf 78' lang='lat' dir='ltr'><strong>olea</strong></span> <span class='ocrx_word' id='word_1_266' title='bbox 449 2850 478 2910; x_wconf 92' lang='lat' dir='ltr'><strong>in</strong></span> <span class='ocrx_word' id='word_1_267' title='bbox 499 2849 627 2910; x_wconf 87' lang='lat' dir='ltr'><strong>omnibus</strong></span> <span class='ocrx_word' id='word_1_268' title='bbox 644 2848 838 2926; x_wconf 77' lang='lat' dir='ltr'><strong>vegetabilibus</strong></span> <span class='ocrx_word' id='word_1_269' title='bbox 851 2853 881 2910; x_wconf 72' lang='grc' dir='ltr'><strong>ὃ(</strong></span> <span class='ocrx_word' id='word_1_270' title='bbox 894 2855 996 2916; x_wconf 83' lang='lat' dir='ltr'><strong>anima.</strong></span> 
     </span>
     <span class='ocr_line' id='line_1_36' title="bbox 156 2927 991 3012; baseline 0.004 -21"><span class='ocrx_word' id='word_1_271' title='bbox 156 2934 227 2997; x_wconf 77' lang='lat' dir='ltr'><strong>libus</strong></span> <span class='ocrx_word' id='word_1_272' title='bbox 240 2929 370 2991; x_wconf 77' lang='lat' dir='ltr'><strong>haerentia</strong></span> <span class='ocrx_word' id='word_1_273' title='bbox 383 2928 471 3004; x_wconf 86' lang='lat' dir='ltr'><strong>specie</strong></span> <span class='ocrx_word' id='word_1_274' title='bbox 483 2927 627 3004; x_wconf 85' lang='lat' dir='ltr'><strong>nigredinis</strong></span> <span class='ocrx_word' id='word_1_275' title='bbox 642 2927 687 2986; x_wconf 85' lang='lat' dir='ltr'><strong>vei</strong></span> <span class='ocrx_word' id='word_1_276' title='bbox 700 2927 768 3004; x_wconf 86' lang='lat' dir='ltr'><strong>nigri</strong></span> <span class='ocrx_word' id='word_1_277' title='bbox 782 2933 913 3006; x_wconf 84' lang='lat' dir='ltr'><strong>corporis,</strong></span> <span class='ocrx_word' id='word_1_278' title='bbox 926 2951 953 2994; x_wconf 83' lang='lat' dir='ltr'><strong>v:</strong></span> <span class='ocrx_word' id='word_1_279' title='bbox 965 2953 991 3012; x_wconf 83' lang='lat' dir='ltr'><strong>g:</strong></span> 
     </span>
    </p>

    <p class='ocr_par' dir='ltr' id='par_1_6' title="bbox 26 3006 990 3254">
     <span class='ocr_line' id='line_1_37' title="bbox 26 3006 990 3086; baseline 0.003 -15"><span class='ocrx_word' id='word_1_280' title='bbox 26 3077 29 3086; x_wconf 48' lang='lat'>‚</span> <span class='ocrx_word' id='word_1_281' title='bbox 157 3008 256 3070; x_wconf 82' lang='lat' dir='ltr'><strong>inmite</strong></span> <span class='ocrx_word' id='word_1_282' title='bbox 280 3008 345 3086; x_wconf 84' lang='lat' dir='ltr'><strong>ligni</strong></span> <span class='ocrx_word' id='word_1_283' title='bbox 365 3007 488 3068; x_wconf 81' lang='lat' dir='ltr'><strong>albiffimi</strong></span> <span class='ocrx_word' id='word_1_284' title='bbox 505 3006 600 3068; x_wconf 82' lang='lat' dir='ltr'><strong>libram</strong></span> <span class='ocrx_word' id='word_1_285' title='bbox 622 3024 725 3078; x_wconf 85' lang='lat' dir='ltr'><strong>unam,</strong></span> <span class='ocrx_word' id='word_1_286' title='bbox 745 3009 881 3083; x_wconf 90' lang='lat' dir='ltr'><strong>ponitein</strong></span> <span class='ocrx_word' id='word_1_287' title='bbox 900 3014 990 3074; x_wconf 90' lang='lat' dir='ltr'><strong>medio</strong></span> 
     </span>
     <span class='ocr_line' id='line_1_38' title="bbox 159 3075 988 3182; baseline 0.007 -36"><span class='ocrx_word' id='word_1_288' title='bbox 159 3075 284 3182; x_wconf 49' lang='lat' dir='ltr'><strong>§ammae</strong></span> <span class='ocrx_word' id='word_1_289' title='bbox 304 3085 436 3157; x_wconf 80' lang='lat' dir='ltr'><strong>tamdiu,</strong></span> <span class='ocrx_word' id='word_1_290' title='bbox 462 3096 571 3146; x_wconf 92' lang='lat' dir='ltr'><strong>utnon</strong></span> <span class='ocrx_word' id='word_1_291' title='bbox 591 3086 708 3164; x_wconf 83' lang='lat' dir='ltr'><strong>amplius</strong></span> <span class='ocrx_word' id='word_1_292' title='bbox 728 3087 838 3148; x_wconf 83' lang='lat' dir='ltr'><strong>fumum</strong></span> <span class='ocrx_word' id='word_1_293' title='bbox 862 3090 988 3163; x_wconf 79' lang='lat' dir='ltr'><strong>emittat,</strong></span> 
     </span>
     <span class='ocr_line' id='line_1_39' title="bbox 157 3164 988 3254; baseline -0.008 -17"><span class='ocrx_word' id='word_1_294' title='bbox 157 3164 324 3248; x_wconf 81' lang='grc' dir='ltr'><strong><em>φιφτηηιτ</em></strong></span> <span class='ocrx_word' id='word_1_295' title='bbox 342 3177 409 3254; x_wconf 71' lang='lat' dir='ltr'><strong>tutu</strong></span> <span class='ocrx_word' id='word_1_296' title='bbox 426 3183 508 3246; x_wconf 73' lang='lat' dir='ltr'><strong>aqnae</strong></span> <span class='ocrx_word' id='word_1_297' title='bbox 527 3165 632 3243; x_wconf 70' lang='lat' dir='ltr'><strong>fundo</strong></span> <span class='ocrx_word' id='word_1_298' title='bbox 645 3178 739 3246; x_wconf 79' lang='lat' dir='ltr'><strong>totum</strong></span> <span class='ocrx_word' id='word_1_299' title='bbox 750 3165 929 3244; x_wconf 77' lang='lat' dir='ltr'><strong>illudlgnum</strong></span> <span class='ocrx_word' id='word_1_300' title='bbox 944 3188 988 3230; x_wconf 80' lang='lat' dir='ltr'><strong>an-</strong></span> 
     </span>
    </p>

    <p class='ocr_par' dir='ltr' id='par_1_7' title="bbox 350 3247 986 3310">
     <span class='ocr_line' id='line_1_40' title="bbox 350 3247 986 3310; baseline 0.005 -3"><span class='ocrx_word' id='word_1_301' title='bbox 350 3263 353 3272; x_wconf 91' lang='lat'>·</span> <span class='ocrx_word' id='word_1_302' title='bbox 943 3247 986 3310; x_wconf 76' lang='lat' dir='ltr'><strong>tei</strong></span> 
     </span>
    </p>
   </div>
   <div class='ocr_carea' id='block_1_3' title="bbox 0 0 1058 3684">
    <p class='ocr_par' dir='ltr' id='par_1_8' title="bbox 0 0 1058 3684">
     <span class='ocr_line' id='line_1_41' title="bbox 0 0 1058 3684; baseline 0 1"><span class='ocrx_word' id='word_1_303' title='bbox 0 0 1058 3684; x_wconf 95' lang='lat' dir='ltr'><strong> </strong></span> 
     </span>
    </p>
   </div>
  </div>
 </body>
</html>
