2048 3638
149 210 208 256 roo
264 197 267 204 ’
352 187 803 266 nicandr-tortus

151 298 226 361 acidi
248 300 278 359 &
293 297 537 373 alcalidicendunt
554 295 594 358 stt.
611 293 692 356 Hinc
706 287 859 367 videmus,
883 311 930 354 cur
943 293 979 353 bo

156 395 205 450 ves
216 381 244 438 in
259 377 311 438 hic
326 377 400 456 peste
413 377 558 452 habuerint
571 377 615 438 lac
628 376 710 446 instar
720 377 802 454 pultis
820 375 978 452 coagulatio

158 458 327 529 bursarum,
350 457 387 522 sse
408 459 485 518 enirn
506 473 565 535 pars
580 455 750 520 insaniem,
774 473 834 534 pars
849 456 877 514 in
891 451 979 530 spisun

57 567 58 576 κ
158 537 222 598 abit.
264 532 371 597 Omnia
395 539 459 597 haec
481 533 668 596 demonstrata
690 553 757 598 vera
781 547 887 603 erunt,
921 532 981 591 fila¹

157 617 240 677 suerit
255 635 289 676 ex
303 616 441 686 animali,
465 613 529 674 soiis
543 614 737 692 vegetantibus
752 614 827 692 pasto
845 652 855 682 ,
882 630 947 672 narn
957 612 980 668 iu

159 696 238 774 quod
252 696 288 755 ab
301 697 411 756 animali
427 712 436 765 3
464 695 521 754 aliis
536 693 702 753 animalibus
716 693 794 769 pasto
809 735 818 762 ,
847 692 980 752 educinut

159 774 212 848 alia
228 775 415 852 phaenomena
432 773 513 833 edit:
537 773 594 833 hoc
611 773 687 832 eninr
706 774 759 832 erit
774 771 873 832 salsum
899 816 909 843 ,
932 769 981 829 &iu

159 853 310 929 digestione
326 853 446 930 pofitum
463 870 523 912 non
543 851 666 922 acescet3
691 850 740 932 sed
753 853 885 925 faetebit‚
912 854 981 925 &pr

125 962 132 984 a
158 933 243 1004 rietur
257 937 358 993 omnia
381 932 455 1003 illa,
479 947 545 1008 quae
568 931 646 990 urina
661 931 851 1012 portemia,
878 929 915 990 est
928 945 979 988 eun

100 1053 103 1061 t
155 1013 217 1088 jam
232 1011 291 1071 fere
306 1012 384 1072 alcali
401 1025 552 1090 antequam
568 1006 617 1070 riat'
638 1007 745 1086 chylu's.
784 1009 858 1071 Vidi
878 1008 945 1086 saepe
957 1006 979 1062 d·

121 1109 126 1116 ·
158 1090 261 1148 tiorum
279 1090 429 1150 hominum
444 1089 594 1149 infantesse
601 1086 716 1164 pessime
731 1088 856 1156 haberei
875 1090 939 1150 dum
951 1103 978 1144 uu

157 1167 258 1227 luerint
271 1169 390 1230 nutrices
402 1168 495 1228 bibere
511 1168 691 1238 cerevisiam,
708 1168 755 1227 sed
769 1169 811 1227 nil
826 1168 879 1228 nisi
891 1172 934 1266 jus
945 1183 978 1252 ut·

158 1248 238 1306 nium
256 1286 266 1315 ‚
294 1248 466 1308 &carnibus
481 1245 572 1308 assatis
584 1249 624 1308 uti
639 1247 777 1325 tanquam
790 1251 906 1324 optime
924 1261 977 1306 run

158 1325 282 1398 entibus,
310 1328 386 1388 unde
402 1325 432 1393 δι
448 1326 502 1403 ipsa
519 1325 619 1401 niulier
634 1328 664 1386 ἃ
681 1323 772 1386 insaris
785 1327 942 1388 febricitare
950 1325 977 1382 dr·

157 1405 241 1468 bebat
258 1410 338 1468 omni
354 1418 506 1479 momento
515 1426 526 1492 Ξ
544 1407 587 1467 lac
604 1409 679 1465 enirn
696 1405 756 1465 erat
770 1406 976 1489 saniosurn,u2t1

132 1521 136 1544 t
157 1486 250 1546 homo
266 1506 325 1548 non
341 1497 456 1563 generat
470 1485 513 1545 lac
531 1529 540 1556 ,
560 1485 606 1544 sed
622 1485 722 1561 ingerit
736 1504 765 1544 rn
784 1486 838 1556 se',
851 1518 855 1524 ·
867 1489 929 1548 hinc
943 1483 977 1542 n'u

158 1563 208 1624 bus
222 1567 370 1628 nutricibus
384 1567 421 1626 do
444 1566 486 1624 lac
509 1565 685 1643 eburyraturn
705 1603 714 1626 ,
742 1577 813 1626 tunc
830 1565 912 1628 fimul
924 1565 976 1624 &iu

81 1700 84 1710 ,
157 1645 218 1704 sans
236 1648 360 1713 cubator:
393 1645 423 1706 Si
435 1642 503 1704 verb
525 1644 620 1706 lacest
638 1644 720 1704 nimis
742 1645 909 1724 aquosum,
933 1657 975 1701 utu

155 1725 320 1803 pauperibus
336 1725 408 1804 saepb
424 1720 549 1794 accidit,
577 1735 645 1783 tunc
659 1741 775 1802 quoque
791 1725 822 1784 se
839 1727 913 1787 male
923 1722 975 1784 htbfl

154 1803 264 1876 infans,
282 1809 386 1868 &tunc
401 1803 544 1882 praescribo
556 1803 602 1880 jus
611 1805 745 1864 carnium.

192 1885 291 1963 Itaque
306 1905 340 1946 ex
355 1883 410 1946 haic
424 1884 482 1944 solt
497 1881 622 1942 doctrina
635 1881 743 1960 possum
752 1883 924 1960 praescribere
933 1881 972 1964 dxj

155 1971 213 2022 tam
231 1966 346 2036 nurici,
371 1967 398 2024 in
412 1965 519 2024 bonum
536 1963 647 2022 infantis
665 1985 672 2021 ι
704 1963 770 2022 hinc
787 1963 809 2022 fi
827 1967 913 2027 video
926 1965 971 2038 qut*

156 2042 248 2102 infans
261 2036 388 2115 tumeat,
406 2043 501 2110 sudet,
523 2041 621 2118 judico
637 2041 716 2120 quod
731 2043 826 2134 infrps
841 2047 913 2107 adeb
926 2039 973 2100 debr

43 2179 45 2184 .
155 2121 188 2182 lis
205 2119 303 2194 fit,*ut
317 2125 359 2184 lac
376 2142 435 2183 non
449 2119 531 2200 poffit
547 2121 675 2187 converti
692 2121 820 2193 insuam
839 2119 974 2186 natuanit

157 2201 215 2279 ejus
233 2222 350 2281 corpore
367 2247 376 2274 ,
403 2201 480 2266 unde
495 2198 584 2260 statim
599 2199 739 2277 praescribo
757 2200 851 2274 talia,
882 2197 975 2284 quast

155 2282 285 2356 permissa
299 2282 482 2351 clarescant,
512 2292 544 2338 ut
554 2281 601 2357 jus
618 2280 761 2349 carriiunr,
786 2299 859 2341 nam
875 2275 976 2361 peracri

98 2429 100 2434 7
156 2361 246 2436 centia
259 2362 302 2422 lac
319 2362 414 2423 'adhu'c
444 2361 504 2438 ptus
520 2371 749 2436 corrumperetur.
784 2360 815 2419 Si
832 2365 904 2423 vero
917 2362 976 2424 iustu

148 2437 231 2510 ,sebre
246 2441 353 2500 ardenti
370 2441 495 2508 laboret',
521 2438 633 2508 rubeat,
661 2439 767 2507 caleat,
786 2439 903 2514 fateat,
927 2439 976 2500 eti*

155 2514 210 2574 beo
225 2517 358 2593 ptisanam
375 2563 384 2589 ,
403 2520 490 2580 serum
507 2515 583 2577 tactis
598 2519 645 2577 &c
655 2521 670 2576 a
689 2535 750 2576 non
766 2535 824 2578 ova
841 2558 851 2586 ‚
875 2541 931 2584 non
944 2535 976 2578 cs·

154 2611 204 2654 nes
223 2633 232 2660 2
262 2613 320 2656 non
335 2599 420 2673 pisces
435 2601 482 2657 &c
501 2618 508 2656 :
535 2608 597 2656 tum
612 2597 654 2654 lac
671 2595 772 2656 dicitur
785 2595 887 2660 salsum
905 2599 976 2678 runt.

78 2685 80 2688 ·
154 2671 229 2736 unde
245 2692 358 2751 quoque
367 2679 485 2736 infantes
500 2677 566 2736 illud
576 2675 733 2736 abhorrenr.
754 2679 757 2686 “
873 2725 877 2732 .

188 2751 232 2811 -Ex
256 2753 353 2828 quibus
375 2755 506 2816 omnibus
527 2774 601 2815 nunc
623 2753 751 2816 discimus
775 2754 897 2834 primo:
924 2773 978 2820 natt-

145 2848 219 2968 ,rarR'
229 2831 325 2907 liquidi
348 2833 419 2907 illius
436 2833 515 2912 quod
532 2833 669 2912 ‘proxime
682 2835 800 2921 ‚accedit
817 2839 854 2899 ad
874 2853 977 2900 naturan

152 2928 192 2968 no
215 2927 286 2969 rant.

190 2986 320 3048 Secundo
336 3009 344 3049 τ
363 2990 389 3050 Si
398 2991 598 3073 lacureponatur
611 2991 641 3052 in
656 2992 723 3052 ioco
740 2993 858 3068 calido,
884 2995 944 3058 uase
956 3013 980 3050 tt·

150 3078 212 3157 treo
229 3113 238 3138 ,
264 3069 372 3142 acescit,
386 3071 450 3136 hinc
466 3076 496 3134 in
511 3071 633 3136 laueest
640 3071 781 3150 dispositio
795 3074 834 3142 ad
849 3077 981 3138 sermenu

149 3159 269 3206 nonem.
306 3187 309 3197 ι
389 3153 393 3162 ’
616 3155 647 3160 ”
684 3163 686 3168 ·
723 3154 737 3161 ”
807 3155 810 3162 ’

184 3223 285 3316 sertio
302 3245 310 3283 a
338 3228 413 3304 Cum
430 3240 500 3290 nero
516 3229 623 3309 sanguis
645 3229 738 3306 fastus
755 3273 766 3304 ,
791 3231 978 3372 dispositioncbss
