2112 3658
155 197 196 272 a
292 151 947 288 raoueoounuu.'

152 322 191 368 ne
219 301 376 380 prosecutus
397 302 470 368 ,suos
488 303 655 382 magistros,
686 303 773 366 abillis
786 305 994 366 vin'sChemicis

153 381 290 452 transsatus
304 380 343 438 est
360 379 396 439 ad
416 382 476 450 auri
489 383 594 446 fodinas
617 386 647 443 ὃ(
668 385 842 444 metallorum
862 385 995 446 videndas

149 461 184 522 in
199 458 347 532 Germanii
360 460 390 528 &
403 461 561 536 Hungarid,
575 463 611 522 ’ἃ
623 462 657 522 ab
669 455 750 521 anno
759 464 845 524 aetatis
859 463 995 538 vigesimo

154 537 212 600 ferd
227 555 325 598 omnes
338 537 445 606 fodinas
458 540 616 606 Germaniae
630 540 714 608 vidit,
735 542 764 598 bc
778 542 902 618 pervenit
911 542 995 619 usque

50 659 52 662 -
152 617 189 676 ad
209 615 400 686 Muscoviam,
417 618 464 676 ubi
484 617 576 682 didicit
595 637 629 678 ex
650 619 789 683 fodinariis
811 620 907 680 omnia
927 639 993 698 quae

151 717 276 796 speciant
307 717 342 776 ad
367 717 476 778 metalla
501 721 530 778 ὅ(
554 729 644 791 totam
668 734 756 779 artem
784 698 993 792 detumuit

154 797 329 856 metallorum
347 813 413 854 cum
434 794 486 854 sale
510 803 539 856 bc
560 797 701 874 sulphure,
715 800 745 857 &
763 799 792 857 in
806 815 841 856 eo
850 797 901 855 fuit
915 797 997 856 soler·

153 875 283 943 tissimus,
305 875 334 932 δε
349 873 477 934 discendo
491 874 556 934 dicit
567 875 592 934 se
610 888 653 934 tot
666 877 784 950 pericula
807 872 899 935 obiiffe
913 893 929 934 a
942 891 995 935 ter·

154 971 192 1012 rae
206 953 342 1022 motibus,
360 969 376 1011 a
391 951 521 1029 lapidibus
531 954 685 1023 montanis,
703 954 875 1023 fluminibus,
888 964 995 1013 torren-

146 1033 241 1110 tibus,
260 1029 373 1089 incensis
386 1029 472 1089 subito
493 1029 634 1108 pinguibus
654 1031 800 1101 halitibus,
835 1029 995 1110 crassamem
1042 1039 1043 1042 ’

81 1139 88 1152 ·
153 1111 203 1180 tis,
223 1109 350 1185 absorptis
370 1108 516 1168 fluminum
537 1110 701 1178 Cataradiis‚
728 1112 852 1179 esame,
872 1109 930 1180 siti,
952 1131 995 1171 ca-

36 1239 39 1246 .
153 1189 213 1248 iore
225 1201 255 1247 ut
268 1187 424 1264 persuadeat
437 1189 586 1267 unicuique
605 1189 701 1266 quanti
710 1220 713 1228 s
721 1187 752 1247 sit
765 1189 906 1264 acquirere
912 1190 995 1248 scien·
1042 1231 1043 1236 η

154 1267 996 1422 bssasbssssstssbrrubrutiisrisis

156 1437 268 1500 captum
283 1421 361 1483 fuisse
375 1441 391 1481 a
405 1423 526 1482 Tartaris
540 1467 548 1493 ,
570 1419 635 1484 cum
652 1419 717 1482 esset
730 1426 758 1482 in
771 1422 867 1482 finibus
880 1425 994 1484 Musco-

154 1503 227 1573 viae,
247 1504 277 1561 &
288 1515 355 1562 tunc
367 1500 518 1561 dedusium
533 1499 586 1561 esse
598 1501 632 1561 ad
640 1501 770 1560 chamum
778 1519 911 1579 magnum
921 1505 994 1564 Tur·
1042 1515 1043 1528 ¹

154 1599 249 1643 earum
270 1582 443 1650 dominum,
470 1581 614 1640 &ibidem
634 1580 679 1649 28.
698 1597 773 1640 anno
792 1582 877 1640 aetatis
899 1584 994 1660 acqui,

155 1659 242 1720 sivisse
262 1659 380 1736 lapidem
405 1658 654 1738 philosophorum,
681 1677 814 1736 magnum
835 1659 901 1718 iliud
923 1679 993 1720 arca·

155 1757 241 1819 num,
262 1740 308 1800 vei
319 1751 351 1798 ut
362 1737 406 1798 ilie
421 1751 502 1798 vocat
517 1756 649 1830 magnum
669 1736 776 1797 donum
789 1738 897 1795 Azaas.
920 1741 993 1798 Dein
1012 1803 1015 1809 ,

155 1819 280 1878 liberatus
301 1829 403 1876 meruit
419 1817 549 1894 stipendia
575 1819 604 1876 in
633 1815 720 1875 castris
739 1829 770 1876 ut
798 1816 936 1892 chirurgus
963 1820 993 1876 &

156 1897 298 1962 medicus,
318 1895 363 1954 sed
376 1895 430 1970 ipse
444 1895 479 1953 de
496 1897 553 1955 hoc
573 1895 639 1957 nihil
658 1894 767 1971 scribit,
792 1893 838 1954 sed
853 1895 993 1955 Helmon·

155 1975 208 2034 tius
229 1975 295 2033 dicit
319 1973 345 2032 se
366 1972 516 2031 adomnia
542 1970 754 2050 inquisivisse&
780 1971 835 2031 hoc
854 1972 993 2034 invenisse.

155 2053 232 2129 Ergo
251 2052 287 2111 de
302 2051 458 2126 captivitate
470 2069 528 2128 epus
540 2051 637 2130 linquo
650 2050 678 2107 in
692 2050 786 2110 medio
808 2052 837 2109 δι
850 2064 922 2112 noto
935 2065 994 2112 tan·

155 2142 216 2190 tum
233 2130 308 2189 iilum
322 2129 476 2188 admodum
496 2131 525 2188 in
546 2125 685 2202 Chirurgii
701 2129 745 2187 hic
766 2125 843 2187 fuisse
856 2132 992 2191 eruditum

95 2261 102 2274 ,
155 2209 184 2267 in
199 2208 309 2280 tastris,
335 2209 365 2266 &
380 2205 421 2266 es
433 2225 562 2285 magnam
586 2210 692 2267 samam
713 2203 854 2277 meruisse,
882 2211 914 2268 &
933 2211 992 2288 qui·

155 2287 221 2347 dem
239 2288 300 2364 jure
325 2287 364 2346 uti
385 2283 494 2346 testatur
514 2289 570 2364 ejus
590 2286 720 2362 chirurgia
746 2303 845 2362 magna
859 2287 887 2344 in
909 2289 990 2348 solio:

155 2365 268 2425 tandem
282 2378 349 2424 tuuc
364 2364 442 2425 rediit
454 2366 482 2424 in
497 2365 611 2441 patriam
623 2403 632 2431 ‚
653 2365 699 2422 ubi
713 2364 836 2423 medicus
850 2365 920 2430 fuit,
940 2385 992 2425 vo·

156 2456 200 2502 cat
225 2445 300 2504 enim
325 2444 352 2503 se
377 2443 516 2521 utriusque
547 2443 692 2502 medicinae
724 2441 870 2502 dodonem
896 2444 992 2503 scilicet

28 2589 36 2598 .
157 2523 313 2602 Chirurgiae
333 2525 363 2582 δι
381 2522 532 2582 Medicinae
545 2521 698 2591 interioris,
729 2521 795 2579 hinc
814 2521 842 2579 in
866 2523 992 2582 omnibus

156 2601 326 2680 ejusscriptis
343 2599 447 2676 videbis
468 2609 532 2659 eu'm
546 2601 627 2660 toties
648 2597 762 2666 dicere,
788 2599 815 2657 se
829 2598 991 2670 ascabie,a

154 2679 247 2756 lepti,
266 2678 353 2738 atabe
374 2680 463 2755 (putat
474 2679 549 2738 luem
562 2682 722 2753 veneream}
743 2675 863 2736 infinitos
884 2677 991 2738 curasse.

156 2759 256 2818 Fuerat
268 2775 304 2816 eo
317 2769 445 2834 tempore
466 2777 511 2817 20.
530 2775 617 2816 annos
639 2768 726 2826 ante,
750 2753 864 2832 Jocabor
889 2757 992 2835 Carpus

154 2838 200 2897 iile
212 2837 371 2896 instaurator
384 2836 545 2896 Anatomiae
558 2835 712 2905 Bononiae,
739 2835 769 2894 &
782 2833 862 2894 simul
872 2834 993 2894 summus

156 2917 311 2992 chirurgus,
330 2914 375 2972 hic
388 2915 417 2972 in
433 2915 539 2974 Italiam
556 2917 585 2973 &
595 2913 755 2990 Hispaniam
768 2911 906 2989 prosecius
925 2913 993 2973 didi·

155 3006 230 3054 cerat
256 2993 292 3052 ibi
317 2993 454 3052 mercurio
480 3011 573 3052 curare
595 2991 733 3052 salivando
746 2993 822 3052 luem
836 3009 990 3051 veneream.

156 3072 263 3132 Medici
276 3071 400 3150 Galenici
421 3073 450 3129 &
463 3071 566 3130 Arabes
580 3113 589 3140 ‚
615 3070 664 3148 qui
682 3072 758 3130 hunc
776 3069 907 3129 morbum
922 3088 993 3129 nun·

156 3167 243 3227 quarn
264 3149 387 3209 viderant
406 3168 454 3226 per
474 3151 512 3209 V:
533 3151 559 3208 S:
576 3153 606 3208 ὅτ
625 3150 767 3226 purgantia
787 3148 864 3208 ilium
899 3165 992 3207 curare

156 3228 320 3303 voluerint,
338 3227 460 3295 sedinde
473 3229 541 3293 nibil
552 3240 751 3307 promoventes
762 3227 865 3290 inuitos
884 3226 992 3366 meisssm

263 3329 268 3338 .
886 3324 904 3384 p
943 3321 990 3363 un,
