2108 3684
232 173 233 176 ,
326 165 338 196 x
915 161 918 170 ,

183 263 270 334 DE
313 261 763 335 MENSTRUIS·
850 267 918 332 adr¹

55 373 176 434 solvensv
186 366 364 427 Menstnrum
381 410 390 438 ,
428 365 496 431 salso
510 367 681 429 concludunt
695 365 760 444 inde
779 364 918 427 Chemici.

56 451 109 512 esse
124 447 263 516 acidum,
283 447 329 505 vel
347 445 501 507 alcalinunr.
548 467 576 507 v:
596 464 624 523 g:
652 445 801 506 mercurius
825 443 914 505 solvit*

55 549 160 592 aururn
178 526 299 603 penitus,
308 525 392 584 etiam
405 527 434 581 in
446 527 565 601 frigore,
591 526 652 584 imo
667 527 721 585 ruit
741 528 770 584 in
787 541 884 583 aurum
893 553 914 593 ,·.

56 619 189 688 penetrat
202 621 317 674 aurum,
338 605 495 678 &penitus
516 623 614 664 aurum
636 605 747 675 dividit,
765 603 812 661 sed
831 619 904 660 mer·
923 618 931 636 ⁸
973 615 975 620 ·

56 692 149 748 curius
162 703 226 745 non
243 683 281 742 est
294 681 450 752 acidus,nec
465 684 659 754 alcalicus,nec
671 684 764 752 salsus,
783 681 912 740 sed-eon·

57 787 106 844 pus
119 763 352 832 blandiffinaum,
371 779 437 822 narn
454 764 556 834 oculo,
592 764 638 822 vel
650 764 740 823 nervis
755 759 834 822 nudis
848 760 902 817 inr-

58 844 195 918 missum
213 841 254 902 nil
262 842 318 918 agit
325 839 374 899 nifi
387 841 508 920 respectu
527 843 566 901 sui
587 843 716 920 frigoris,
756 838 915 900 &tamem

56 925 216 986 mercdrius
228 920 310 980 solvit
330 937 451 993 aurum,
509 922 568 983 uod
593 941 646 981 nee
665 933 776 982 aceturn
794 937 849 979 nec
867 916 904 978 sal

59 1006 135 1065 alcali
151 1000 245 1080 potest
257 985 356 1059 facer'e
395 941 509 1078 Ergosi

60 1085 185 1147 calinum
200 1079 248 1139 vel
258 1078 371 1156 salsum,
391 1097 449 1140 non
465 1092 545 1158 potes
566 1081 674 1152 dicere,
695 1097 761 1157 ergo
775 1081 914 1139 hoccor«

59 1180 107 1238 pus
118 1162 204 1222 solvit
211 1181 220 1227 ;
243 1160 273 1218 δι
287 1160 562 1238 contra,hoccorpus
581 1179 640 1220 non
660 1161 697 1221 est
717 1159 845 1238 acidum,
863 1156 902 1216 al-

61 1242 252 1310 calinum,nec
264 1236 358 1321 salsurn
372 1281 381 1308 ,
418 1257 485 1318 ergo
499 1259 558 1300 non
571 1241 651 1301 solvit
664 1263 673 1309 r
713 1239 791 1299 nullo
808 1237 916 1298 modo·

60 1319 204 1396 procedit,
223 1315 273 1375 nifi
286 1315 400 1378 sciamus
413 1320 521 1397 objecta
532 1319 670 1382 solvenda.
699 1353 703 1360 .

99 1417 127 1476 3.
148 1397 202 1456 Vis
217 1395 354 1459 corrosrva
368 1397 405 1478 est
421 1398 479 1458 ferd
491 1411 600 1460 tanturn
614 1398 726 1460 relativa
741 1399 769 1458 in
791 1397 916 1458 solven··

62 1477 100 1536 dit
114 1475 278 1552 corporibus
294 1474 521 1556 &solventibus‚
560 1497 619 1538 non
631 1479 695 1537 dico
709 1477 765 1536 hoc
777 1473 901 1536 absolute
941 1491 944 1496 ’

61 1573 163 1615 verum
179 1551 251 1622 esse,
271 1553 317 1614 sed
333 1550 387 1614 elle
400 1555 578 1636 serenatum
587 1555 751 1626 relativum,
771 1553 808 1614 fic
815 1556 900 1634 Aqua

62 1634 152 1695 Fortis
168 1651 233 1710 quae
254 1631 292 1692 est
314 1631 470 1705 acidiffirrra
483 1626 763 1711 &penetrantissima
777 1651 803 1704 ,·
824 1635 901 1693 unde

63 1713 132 1790 ignis
148 1713 296 1773 Gehennae
313 1709 427 1780 dicitur,
446 1725 540 1770 tamen
558 1731 618 1772 non
637 1712 718 1770 solvit
737 1727 847 1781 ceram,
864 1729 919 1772 an-

62 1793 111 1852 tibi
126 1793 220 1862 liceret
234 1791 343 1858 dicere,
360 1790 444 1865 Aqua
458 1789 547 1848 Fortis
559 1801 618 1850 tam
632 1789 722 1848 validd
740 1787 839 1858 solvit,
854 1807 903 1848 er·

12 1935 13 1942 p
62 1889 100 1948 go
115 1872 200 1930 etiam
213 1868 294 1930 solvit
313 1865 427 1926 ceram?
447 1867 517 1927 nihil·
528 1868 642 1941 minus,
677 1868 723 1929 sed
736 1869 824 1929 haeret
841 1879 903 1928 tan·

12 1955 13 1970 ¹
63 1964 127 2010 turn
140 1951 182 2009 vis
196 1949 308 2009 relativa
326 1947 397 2006 inter
415 1965 531 2025 corpora
550 1947 682 2008 solventia
704 1950 734 2008 &
752 1947 901 2020 solvenda,

63 2029 100 2089 fic
114 2029 299 2088 antimonium
314 2026 447 2104 digestum
461 2045 526 2088 curn
539 2029 604 2090 oleo
621 2029 848 2099 Terebinthinae,
869 2030 901 2088 &

64 2108 150 2168 affuso
167 2107 293 2167 alcohole
309 2151 318 2177 ,
353 2107 415 2167 haec
434 2107 492 2167 duo
506 2109 535 2167 in
548 2107 637 2186 phiald
651 2108 750 2184 digesta
764 2107 901 2168 inducunt

64 2187 231 2248 Tincturam
245 2187 368 2256 Veram,
388 2185 434 2246 sed
445 2198 555 2246 tanturn
569 2186 607 2246 est
623 2187 899 2262 oleum‚&sulphur‚
939 2209 941 2214 ’

65 2285 131 2358 napa
144 2265 240 2332 oleum
251 2266 331 2325 lblvit
340 2265 450 2344 sulphur
463 2266 624 2336 antimonii,
638 2268 668 2326 &
687 2266 806 2326 alcohol
818 2267 899 2326 solvit

12 2403 13 2410 ,
64 2340 174 2421 olisrn:
194 2345 250 2403 hoc
261 2343 326 2404 fitin
338 2345 449 2406 infinitis
462 2345 564 2406 caribus
572 2345 721 2416 ,solvendo
729 2346 824 2408 oleum
833 2364 898 2406 cunr

64 2425 124 2486 alc‘d
143 2420 207 2494 'ole,
228 2425 258 2482 &
271 2424 307 2483 fic
323 2427 417 2485 omnia
438 2425 607 2501 gummosa,
627 2424 759 2498 resinosa,
779 2426 900 2506 gummi-

64 2502 178 2564 resmosa
192 2502 334 2563 solvuntur
346 2503 453 2581 semper
466 2523 514 2582 per
525 2503 644 2566 alcohol.
807 2517 810 2522 '

102 2583 178 2659 Ergo
192 2581 211 2640 sr
225 2581 352 2642 videmus
366 2625 376 2653 ‚
414 2585 529 2661 Aquam
550 2585 664 2644 Fortem
678 2586 775 2646 omnia
788 2586 899 2648 metalla

66 2662 123 2722 fere
135 2662 258 2732 solvere,
279 2673 375 2722 tamen
389 2663 524 2724 nonlicet
544 2662 608 2724 inde
629 2665 812 2738 concludere,
831 2665 898 2728 ideo
922 2703 925 2709 -

67 2741 161 2801 omnia
175 2740 289 2799 solvere.

100 2839 127 2896 4.
148 2819 240 2878 Multa
260 2835 376 2895 corpora
400 2819 462 2881 sunt
481 2821 612 2882 acerrima
637 2823 800 2896 Menstrua,
835 2825 901 2886 licet
924 2861 926 2866 .

65 2916 122 2958 non
136 2909 267 2979 appareat
287 2915 293 2954 :
332 2899 484 2960 Corallium
504 2901 613 2962 retineri
626 2903 715 2977 potest
725 2921 774 2980 per
794 2903 902 2980 aliquot

66 2977 170 3065 prensos
189 2979 218 3036 in
232 2977 315 3034 furno
329 2977 467 3049 vitriario,
488 2981 518 3038 δε
533 2979 651 3040 uertitur·
663 2981 691 3039 in
710 2982 827 3060 speciem
847 2981 923 3058 cal„

66 3054 101 3133 cis
117 3101 126 3128 ,
166 3055 214 3114 sed
227 3055 330 3134 nullanr
344 3053 418 3114 dabit
431 3058 619 3130 Tintturam,
658 3059 696 3118 nil
710 3071 832 3121 mutatur
850 3059 907 3122 nisi
927 3098 930 3103 -

65 3135 144 3212 quod
156 3134 205 3193 fiat
220 3133 288 3191 calx.
329 3133 437 3193 Coralla
450 3137 598 3216 'commista
617 3136 698 3196 alicui
718 3141 827 3216 corpori
850 3141 927 3202 aci-¹

67 3213 104 3274 do
117 3214 280 3283 solvuntur,
300 3211 346 3271 sled
357 3229 405 3287 per
416 3225 506 3276 totam
518 3215 707 3284 substantiam,
727 3218 758 3276 &
782 3220 903 3287 Thera.

67 3309 96 3364 ra
111 3291 241 3354 educitur
252 3290 343 3367 aula,
362 3289 407 3354 sed
421 3291 442 3356 fi
456 3291 565 3432 ciimssa
578 3310 651 3356 cerae
664 3293 752 3372 albae,
770 3302 817 3362 uel
837 3298 902 3386 lacti

528 3389 543 3454 3
856 3392 910 3454 rm„

518 1002 599 1061 habes
613 1019 713 1080 corpus
726 997 916 1070 acidum,al«·
1014 1043 1021 1068 t
