2068 3676
157 259 224 304 vroo
293 237 799 312 DE'META‘LLIS

162 343 225 402 haec
233 344 378 410 ,lentenr'ia
401 344 630 406 Alchemlstanmi
643 343 726 404 derisa
735 344 791 403 ¹fuir
804 362 821 402 a
835 342 934 407 ramos
947 345 1019 408 Phi·

163 421 303 498 Iosophis,
329 423 377 482 sed
396 425 424 484 hi
438 437 497 484 non
517 423 708 484 intellexerunt
725 423 860 482 intimam
875 433 1019 486 naturam

161 499 337 560 metallorum
345 529 357 572 ‚¹
373 501 420 562 sed
433 501 554 563 maxime
567 501 709 578 probabilis
721 499 759 562 est
776 537 786 566 ‚
812 517 880 562 nam
902 505 963 562 riri
983 505 1019 564 illi

163 577 296 649 Chemici,
307 597 367 640 uon
379 581 472 640 dixere
485 584 541 642 hoc
555 579 612 640 sure
625 579 717 640 multis
728 579 927 654 experimentis
943 625 954 651 ,
988 585 1017 643 ἃ

160 655 258 716 intime
270 673 464 734 coguoverunt
481 672 608 720 naturam
620 659 731 718 «merelli
751 659 783 716 de
800 658 922 732 optime·
933 661 1018 720 dixe-¹

160 749 240 806 runt,
260 753 327 796 nam
339 737 493 802 admodum
506 735 634 798 credibile
646 735 683 796 est
697 745 707 804 ;
732 735 810 812 quod
822 737 936 800 'omnia
949 745 1017 798 ine·

163 814 225 872 talla
234 811 336 889 profui
348 814 469 874 materii
481 815 600 875 habeant
613 813 781 875 mercurium
794 837 804 882 ;
830 815 862 872 δι
882 815 944 876 hoc
960 835 1016 894 pu·¹

161 889 295 962 rilsunum
315 889 368 950 elle
381 894 525 952 materiam
545 892 628 956 auri.
649 894 679 950 ὃ(
694 891 715 950 fi
730 893 785 952 hoc
801 903 955 968 argemum
972 900 1016 956 vi·

162 987 232 1031 vum
253 969 448 1046 puriffimum,¹
473 969 698 1048 simpliciffimum
720 972 750 1030 δε
776 971 1014 1046 perfeetlffimum

161 1045 250 1124 polles
263 1047 395 1120 reddere,·
414 1050 526 1110 haberes
539 1067 639 1111 verum
654 1067 754 1109 aurum
768 1067 869 1126 purum
884 1072 895 1117 ;
921 1054 956 1110 dt
971 1055 1015 1112 di-

161 1137 261 1188 xerunt
279 1126 380 1202 porro,
399 1129 477 1206 quod
485 1129 551 1192 illud
558 1127 867 1206 quodcogulataurum
874 1129 945 1189 illud
954 1132 1014 1192 elle

152 1205 271 1281 ,sulphur
288 1205 486 1268 subtiliffimum
500 1208 664 1285 &ignitum
677 1205 769 1282 figens.
782 1207 864 1274 *Hae'c
871 1207 1013 1270 sententia

160 1283 547 1360 peninocousonarornrubur
557 1285 750 1363 experimentis
758 1285 919 1356 Chemicis,·
937 1305 1013 1364 qua·

161 1380 192 1422 re
205 1375 275 1438 puto
296 1364 356 1425 illos
369 1366 441 1426 viros
455 1366 606 1439 Chemicos
622 1364 768 1441 sapientius
782 1363 893 1425 locutos
906 1366 994 1428 fulffe
1002 1395 1015 1440 ,1

162 1458 195 1500 ac
207 1441 320 1519 quidem
335 1457 503 1524 putaremur.
528 1445 667 1507 Dixerurlt
689 1441 787 1502 iridem
802 1484 821 1512 ,,
836 1444 916 1519 quod
929 1444 952 1503 fi
967 1465 1010 1505 ar-

160 1532 278 1596 geutum
296 1523 394 1584 vivum
415 1524 495 1601 quod
514 1523 673 1600 coagulatur
692 1539 741 1597 per
764 1523 911 1584 materiam
929 1524 1009 1586 illam

40 1645 43 1652 .
159 1598 338 1675 sulphuream¹
350 1602 473 1664 habuerit
486 1603 516 1668 iu
528 1602 555 1662 se
575 1600 677 1678 aliquid
691 1601 809 1676 impuri,
829 1598 888 1666 fieri
901 1602 1009 1678 imper·

160 1678 257 1743 fertus
272 1677 400 1742 &levius
413 1687 499 1759 quam
514 1693 660 1758 argentum
672 1679 787 1748 vivum,
806 1679 864 1739 hoc
877 1679 1009 1758 derepe-

160 1769 217 1829 tet,
237 1772 305 1826 riam
319 1778 417 1822 aurum
432 1760 470 1820 est
482 1757 739 1837 ponderosrffimum
754 1800 763 1828 ‚
788 1755 900 1818 sinunt
915 1773 1008 1820 mate·

159 1837 257 1900 riaer'lli
276 1839 435 1902 mercuriali
460 1839 575 1902 addatur
594 1837 676 1902 aliud·
689 1835 775 1898 levius
795 1835 1010 1912 ponderetur·

159 1931 211 1989 pus
224 1915 314 1980 adhuc
325 1928 392 1978 trmc
406 1917 492 1992 mama
505 1916 608 1980 recedit
621 1935 637 1980 a
650 1914 774 1992 pondere
787 1915 863 1984 wir
885 1917 922 1983 ἃ
937 1917 1008 1978 hine

130 2035 133 2042 .
160 1991 256 2052 dicunt
269 1991 329 2053 fieri
341 1995 483 2070 impurum
501 1995 664 2062 moralem
689 2011 764 2052 nunc
779 2010 879 2072 omnee
899 1994 1010 2056 Alche:

161 2069 248 2130 mistae
262 2072 357 2146 ajunt,
376 2071 455 2150 quod
467 2073 497 2132 in
509 2073 689 2150 deputatione
701 2070 747 2130 istd
765 2069 874 2142 summai
892 2085 1007 2144 mercu-

159 2147 192 2208 rii
207 2147 442 2224 confistatuarura
455 2152 529 2222 auri,
550 2153 581 2211 de
592 2149 1005 2226 hocoaturamperfioere,‚ve·
1032 2201 1033 2208 ,

118 2298 120 2307 Α
157 2243 221 2286 rum
236 2227 258 2294 fi
271 2227 411 2304 impotens
425 2229 463 2288 est
475 2231 531 2290 hoc
545 2229 679 2301 faciendi,
699 2243 760 2290 tum
774 2229 838 2288 oriri
854 2230 1003 2291 metallum

159 2305 253 2366 mitius
268 2307 378 2378 nobile,
389 2308 475 2387 ,quod
488 2309 595 2385 semper
606 2309 693 2378 leuius
708 2308 761 2376 est,
793 2308 823 2365 δι
838 2326 898 2380 non
912 2309 1004 2370 modo

158 2383 238 2454 hoc,
264 2385 351 2450 sedfi
371 2387 437 2448 illud
460 2387 570 2464 sulphur
589 2405 649 2448 uon
669 2385 708 2445 est
723 2384 846 2444 maxime
860 2387 1004 2463 homoge-

156 2479 268 2533 neum,
297 2463 400 2543 ubique
420 2465 467 2526 fibi
481 2465 591 2535 limile,
617 2464 843 2541 perfedliffimum
863 2465 1004 2542 denique,

80 2611 86 2620 .
156 2552 218 2599 tum
231 2541 302 2602 nasci
316 2545 459 2606 metallum
472 2543 591 2604 minimd
604 2543 775 2621 perfectum,
794 2542 853 2602 talis
867 2563 942 2604 nuuc
963 2545 1004 2604 est

155 2618 340 2679 abstrufillima
360 2622 404 2682 illa
427 2619 595 2690 dotlrina&
615 2622 748 2681 sententia
768 2621 1004 2684 Alchemistarum

156 2697 300 2774 immerito
314 2698 350 2766 ab,
361 2699 418 2760 aliis
439 2701 606 2778 Philosophia
627 2713 734 2760 uatmae
742 2699 888 2760 metallicae
903 2701 1004 2778 ignaris

157 2791 323 2854 oppugnata.

176 2903 180 2911 .
194 2857 262 2916 Hoc
277 2855 386 2932 pofito,
400 2873 467 2933 ergo
488 2856 591 2932 reliqua
604 2857 713 2916 metalla
727 2853 921 2916 dffinaiffima
941 2855 1003 2916 sunt

155 2952 190 2992 ex
203 2935 255 2994 hac
268 2935 421 2994 mercuriali
436 2935 566 3005 maresia,
591 2935 669 2996 causa
698 2935 736 2994 est
758 2934 878 3002 eadem,
892 2935 1002 3012 sulphur

154 3011 239 3087 figens
254 3014 282 3074 in
294 3025 390 3084 natura
406 3013 443 3072 est
458 3013 533 3076 idem
541 3055 551 3084 ‚
570 3012 616 3074 sed
629 3015 744 3074 materia
757 3011 922 3088 figensinter
929 3031 1000 3072 rner-

154 3093 261 3152 curium
276 3091 428 3168 &sulphur
440 3093 506 3152 facit
525 3093 668 3152 metallum
683 3091 741 3150 fieri
752 3109 812 3150 non
831 3091 1003 3168 perfeetum,

154 3169 185 3226 δι
199 3168 219 3227 sr
233 3167 320 3244 posset
332 3171 404 3230 hanc
423 3171 566 3230 materiam
579 3170 728 3230 immutare
744 3212 754 3239 ,
772 3171 878 3230 faceres
890 3187 997 3230 aurum:

152 3245 219 3308 dicit
232 3247 422 3327 Cenuvogllus
436 3248 560 3312 summus
567 3247 611 3312 ille
627 3249 799 3316 Chemr'cus:
820 3247 1000 3387 Naturam
