2150 3674
29 235 32 249 ·
159 217 200 280 aa
372 193 813 268 onnnarrouns

162 311 196 374 lis
210 307 282 371 odor
296 307 326 366 δι
340 303 419 383 sapor
436 299 747 380 communicanu,sunt
761 294 1019 361 enimadeooleo

166 389 208 460 fr,
224 400 256 448 ut
269 386 357 467 digitis
373 399 472 461 parum
485 378 561 446 triti,
579 377 657 438 suurn
673 379 771 446 oleum
785 378 917 440 fundant.

205 468 356 528 summum
380 461 501 538 pretium
517 456 646 523 oleorum
664 457 827 521 Indicorum
844 456 1020 517 aromatico-

157 563 231 611 rum
245 543 349 608 multos
359 539 471 616 impulit
484 536 520 596 ad
536 535 674 596 miscenda
689 554 722 596 aa
737 554 803 596 curn
825 535 896 595 oleo
922 552 1021 613 amyg-

169 625 294 688 dalarum
312 620 455 686 dulcium,
475 626 571 686 natura
586 613 655 678 verb
670 616 775 692 injuria
788 615 951 694 impatiens
967 617 1021 674 frir-

170 717 233 765 tum
249 699 422 767 manifestat,
442 692 515 773 perit'
527 695 601 782 enirn
616 693 726 780 pondus
740 693 902 772 specificum
910 735 923 768 ‚
945 695 977 756 ὃ(
991 712 1020 753 o·

168 783 213 849 lea
227 780 347 867 fundum
362 777 428 845 alias
442 785 564 862 petentur
576 771 758 850 supernatant,
782 785 784 790 ’

204 1034 574 1171 uuocnssus
630 1058 987 1166 vicnsurus

299 1291 328 1390 s
364 1289 401 1396 n
436 1273 472 1388 u
509 1279 562 1385 T
599 1287 618 1382 1
651 1242 713 1384 ns
740 1285 796 1402 u
831 1289 878 1383 s.

176 1517 318 1610 Oleum
344 1513 846 1711 distillaZZnigcmfortice
876 1513 938 1604 E.-
967 1517 1017 1602 G:

176 1862 205 1930 5.
226 1877 254 1924 ιε
339 1853 432 1913 rbores
448 1850 551 1924 oleosae
566 1851 680 1928 quando
694 1851 838 1912 evaserunt
854 1850 919 1912 satis
934 1869 1017 1912 anno·

340 1932 394 1999 lae,
406 1931 535 2005 tempore
558 1931 711 1990 autumnali
725 1945 773 1992 aut
787 1931 895 2007 hyeme
913 1930 1017 2008 primi,

342 2010 477 2069 corticem
493 2008 629 2084 imprimis
644 2009 716 2075 circa
731 2027 823 2070 ramos
833 2011 1017 2072 &caudicem

175 2088 299 2158 maxims
330 2087 433 2164 habent
465 2084 591 2147 oleosum
625 2105 660 2148 ex
686 2091 824 2166 gummi,
858 2088 1017 2152 balsamo.

176 2184 225 2232 aut
238 2169 326 2232 refini
335 2191 345 2237 ;
365 2161 444 2248 q'uod
460 2183 560 2232 verum
576 2164 657 2226 estin
673 2167 831 2244 regionibus
846 2167 1019 2246 frigidiffimis

176 2251 209 2323 βε
233 2248 399 2318 montanis,
427 2247 456 2306 in
481 2245 572 2306 calidis
595 2245 663 2306 verb
687 2246 845 2326 regionibus
866 2245 946 2324 ligna
970 2247 1021 2324 plu

174 2327 232 2388 olei
253 2325 417 2392 continent,
436 2336 505 2397 tunc
527 2335 621 2385 coner
638 2320 788 2396 detradus,
804 2325 965 2404 leniterque
980 2341 1021 2384 eu·

124 2460 128 2467 .
172 2404 310 2476 liccatus,
327 2406 356 2463 in
375 2403 511 2482 pollinem
526 2403 676 2475 contritus,
695 2403 739 2464 vel
751 2403 914 2478 statimacl
942 2403 1022 2464 orni·

176 2497 249 2562 quot
263 2484 425 2560 septimanas
440 2481 468 2540 in
484 2478 557 2558 aqud
572 2479 687 2558 digestus
702 2481 786 2552 salsi,
803 2482 899 2542 deind
942 2483 949 2494 '
971 2495 1023 2542 anis

174 2561 259 2641 longe
275 2557 412 2636 copiofius
428 2558 474 2619 dat
482 2563 577 2620 oleum
588 2579 690 2638 ‚quam
701 2564 805 2640 lignum
815 2559 946 2640 ejusdem
953 2563 1025 2640 plau·

176 2651 232 2708 tae,
254 2650 356 2705 natura
374 2637 505 2716 ejusdem.
522 2637 587 2698 Irnb
601 2639 684 2718 longit
699 2642 784 2718 magis
800 2640 1025 2702 eminensindo·

175 2717 246 2780 tibus
270 2718 372 2796 plante
389 2715 561 2794 singularibus
578 2717 693 2778 scilicet:
716 2719 850 2780 odore&
865 2719 982 2796 sapore.
998 2719 1026 2784 lo

175 2800 280 2862 cortice
297 2791 364 2862 veri)
380 2795 437 2868 hoc
453 2797 608 2865 cinamomi
625 2797 721 2868 oleum
734 2799 862 2860 bocum
871 2799 964 2870 Facile
981 2797 1026 2858 ad·

172 2875 295 2950 scendit,
313 2888 344 2956 ut
359 2874 470 2950 digestio
485 2875 544 2952 plus
562 2889 665 2938 noceat
679 2883 764 2956 quam
776 2877 860 2954 juvet
870 2895 877 2936 ε
887 2878 1026 2952 aliasme·

173 2955 278 3016 thodus
302 2951 374 3028 adei>
393 2953 496 3030 indata
522 2951 684 3026 extrahendi
710 2957 770 3033 plus
792 2955 849 3014 olei
867 2972 905 3016 ex
930 2953 1028 3034 plantis

175 3034 214 3092 est
227 3034 321 3110 nulla,
337 3048 403 3112 nam
417 3033 463 3106 hic
486 3029 615 3091 videmus
628 3034 768 3114 refiduurn
783 3034 892 3116 lignum
911 3035 988 3111 nibil
998 3050 1027 3094 ο-

168 3109 248 3174 ,ἀοήε
263 3128 317 3170 nec
329 3111 427 3184 saporis
443 3107 560 3184 amplius
573 3107 687 3189 habore,

211 3187 395 3254 observatum
412 3182 455 3254 cll
464 3197 559 3250 tamen
580 3199 611 3248 ut
624 3191 756 3258 habeanu
771 3190 918 3270 optimum
932 3191 967 3254 ὃς
982 3207 1027 3252 w

164 3264 274 3356 abiu
289 3259 388 3348 olsuu
406 3263 525 3346 cahos
540 3263 663 3344 cortice,
677 3271 738 3348 duo
757 3269 870 3364 aequni
883 3270 1029 3416 wag-¹
