2108 3684
146 151 246 220 DE
292 148 743 222 Mertsrnnrs.
831 179 894 248 249

39 262 72 321 td
84 261 177 322 dubio
195 260 254 322 erit
268 260 349 320 limes
361 260 518 337 adquirant
530 273 563 319 ut
576 273 734 322 ramentum
743 263 894 324 minimum
907 319 909 328 .

39 341 178 418 physicum
197 341 251 400 vel
266 354 380 398 atomus
393 339 453 398 auri
467 355 581 398 manere
594 338 713 408 debeat‚'
729 343 759 399 ὃ(
779 344 892 404 ulterius

39 419 109 480 dvidi
132 431 291 498 nequeat,
313 435 380 479 nam
393 434 453 476 non
465 416 572 482 ‚constat
584 415 694 504 infinitis
706 420 903 494 partibus,sed

41 501 75 558 tit
87 499 204 580 aliquid
218 497 372 556 minimum
387 508 540 571 utcumque
559 511 676 570 parvum
693 537 702 565 ,
736 500 814 572 quod
831 517 891 560 non

41 580 111 652 potest
134 578 261 639 reso'lvi.
302 574 358 634 Sed
378 589 463 650 quare
483 589 542 634 non
560 575 662 650 poterit
682 574 801 636 resolvi?
827 579 893 654 quia

41 659 130 717 tullum
148 675 268 736 porum
281 653 421 721 admittit,
441 653 471 711 &
491 666 549 712 tam
568 670 685 730 parvum
706 651 762 724 est,
781 666 813 716 ut
832 656 894 714 iub-

42 733 106 796 ducat
120 737 212 796 sead
227 751 352 798 ornnem
372 731 432 790 vim
453 743 595 792 externam
621 731 786 810 phyficam;
823 752 891 812 ergo

42 817 76 872 rn't
93 817 190 876 limes
211 815 358 891 quidam:
384 809 438 870 tale
457 811 649 894 corpusculum
670 813 819 876 minimum
838 832 891 874 vo-

43 907 121 954 ramus
137 896 328 953 elementum
344 889 501 961 invifibile,
541 909 677 954 vocamus
698 911 764 954 cum
778 896 891 956 Demo·

44 973 321 1042 nitoatomurnnon
328 970 407 1049 quod
414 971 523 1032 ulterius
530 971 615 1038 dividi
622 987 752 1050 nequeat,
759 974 803 1034 sed
812 975 892 1052 quod

44 1049 113 1112 dividi
136 1069 208 1110 non
230 1051 313 1126 poffit
334 1069 382 1126 per
400 1051 484 1110 ullam
505 1051 564 1110 vim
579 1064 721 1115 externam
736 1053 887 1132 phyficam.

44 1127 88 1188 Hic'
105 1144 234 1191 atomus
255 1128 337 1188 debet
349 1129 448 1190 habere
461 1129 632 1206 superficiem
640 1131 803 1210 &aliquam
818 1131 890 1212 figu-

44 1223 106 1278 ram,
128 1208 251 1268 finunc
263 1209 307 1268 illa
328 1206 478 1284 superficies
497 1211 533 1269 ita
554 1203 730 1288 conjungitdr
750 1211 825 1272 alren·
844 1215 887 1274 su-

45 1288 178 1359 perficiei,
200 1288 239 1345 ita
259 1298 290 1346 ut
307 1285 353 1346 hae
371 1286 436 1348 duae
455 1287 577 1365 perfedd
595 1289 649 1348 sese
666 1292 836 1368 conjungant
855 1294 886 1354 δι

45 1369 205 1443 contingant
217 1365 247 1422 in
261 1365 389 1426 omnibus
402 1366 675 1444 superficiebus,turn
688 1386 704 1426 a
717 1371 793 1428 nulio
801 1371 886 1430 Men-

45 1443 108 1506 finio
121 1455 264 1522 poterunt
276 1443 360 1513 solvi,
379 1444 483 1523 quare?
501 1443 522 1502 fi
542 1447 664 1504 minima
680 1447 808 1520 particula
827 1450 886 1510 auri

44 1522 213 1585 lubriciffima
237 1524 268 1580 ὅ(
286 1523 441 1600 politiffima
454 1521 605 1597 superficie,
613 1523 650 1580 est
670 1521 725 1581 fine
740 1525 797 1584 ullo
810 1545 881 1602 poro

42 1601 114 1677 juxta
126 1599 319 1680 hypothesin,
338 1603 418 1680 eique
431 1601 483 1664 alia
498 1599 626 1676 particula
640 1619 669 1659 v:
682 1618 710 1676 g:
724 1604 817 1662 cubica
837 1624 885 1681 ap-
901 1651 906 1662 ,

45 1684 177 1754 ponitur,
217 1681 254 1740 ita
269 1691 303 1738 ut
314 1679 444 1755 quadrata
458 1677 580 1752 perfede
593 1677 773 1753 respondeant
788 1680 834 1739 fibi
842 1683 886 1741 in-

45 1762 155 1830 aicem,
173 1775 234 1819 turn
256 1757 364 1816 nullum
382 1753 557 1814 Menstruum
582 1751 681 1830 poter'r't
700 1755 820 1832 separare
837 1759 886 1820 har

45 1839 205 1913 parricidas,
224 1838 363 1918 quianon
377 1829 465 1911 potest
476 1829 634 1909 penetrare,
652 1832 697 1894 sed
713 1833 734 1894 fi
751 1835 805 1896 diae
824 1856 886 1914 par-

45 1919 135 1978 ticulae
149 1919 186 1976 ita
197 1897 304 1994 jundae
319 1912 395 1985 su'nt,
414 1925 446 1974 ut
452 1930 507 1972 una
515 1930 573 1990 pars
580 1914 700 1974 emineat
706 1914 783 1992 supra
791 1917 884 1992 aliam,

47 1997 75 2056 ὃ(
87 2014 172 2074 porus
185 1995 235 2065 srt,
249 1997 310 2072 jam
325 1993 429 2074 ingredi
442 1993 531 2070 potest
543 1992 717 2054 Menstruum
739 1997 769 2056 ὃς
791 1995 883 2060 dissol-

45 2094 117 2136 vere.
157 2076 236 2134 Tota
250 2073 320 2133 ratio
330 2072 471 2134 divifionis
484 2073 517 2132 &,
525 2072 665 2132 solutionis
671 2074 883 2155 haecestrquod

46 2157 142 2214 omnia
155 2152 295 2214 Menstrua
310 2153 428 2214 habeant
440 2151 486 2222 vel
501 2151 641 2226 particulas
654 2164 712 2210 tarn
736 2152 830 2214 craffas
850 2158 882 2216 δι

47 2235 165 2311 amplas,
185 2245 216 2292 ut
227 2229 338 2292 tranlire
351 2250 410 2292 non
424 2229 523 2307 poffint
536 2247 584 2306 per
599 2230 881 2322 corporaselvlenda,

45 2322 322 2466 radiatim
333 2307 880 2478 inridereardema

45 2470 117 2532 nulla
131 2468 208 2528 fieret
220 2468 334 2538 solutio,
354 2468 399 2529 [ed
412 2468 546 2528 Menstrur
559 2479 647 2542 partes
660 2466 680 2526 fi
692 2469 880 2545 rngrediunt'ur

80 2561 193 2625 tpartes
206 2548 464 2625 alterius'corporis,
483 2547 580 2624 partim
599 2547 704 2606 haerere
724 2547 825 2610 debent
845 2553 892 2612 ad

45 2565 99 2686 fileae
112 2627 288 2695 eminentias,
307 2637 367 2684 tum
380 2627 496 2694 demum
518 2625 607 2701 ,potest
632 2627 778 2688 movendo
809 2629 880 2688 divi-

46 2703 117 2769 dere
156 2706 232 2774 Hinc
244 2704 375 2764 novimus
388 2706 472 2776 multa
484 2704 822 2784 Menstrua‚quaetantunr
831 2708 880 2768 ali·

45 2802 101 2862 qua
114 2801 227 2860 corpora
241 2779 351 2859 potsunt
364 2783 599 2862 divideredeliqua
618 2802 695 2854 non,
714 2781 779 2842 hinc
798 2785 880 2844 intel-

46 2863 151 2937 ligimus
164 2861 352 2922 difficiiiimum
366 2861 420 2922 effe
434 2868 505 2938 (non
519 2861 584 2920 dico
603 2862 640 2920 irn
663 2862 779 2932 offibilei
799 2861 880 2922 inve-
1008 2871 1032 2951 ἦ

46 2944 104 3002 nire
114 2939 225 3018 aliquod
237 2939 409 3002 Menstruunr
423 2941 529 3002 solvens
541 2939 625 2998 unite
649 2940 690 2998 ale
707 2983 716 3008 ,
754 2950 786 2996 ut
799 2939 879 3010 Para·

48 3019 171 3078 celsus&
184 3017 364 3079 Helmontiua
376 3019 402 3080 se
413 3021 514 3080 habere
527 3017 670 3088 dixerunt,
690 3015 725 3074 de
745 3033 804 3090 quo
826 3036 879 3093 po.

48 3096 109 3158 ster.
145 3098 221 3174 Ergo
234 3094 407 3156 Menstruum
420 3109 514 3158 totum
529 3096 550 3156 s1
563 3097 667 3165 intrat,
705 3109 764 3150 non
783 3093 880 3174 solvit,

49 3175 93 3240 sed
107 3174 128 3240 fi
144 3176 244 3258 partin
262 3173 345 3258 intrat
365 3192 480 3260 terpora
499 3172 649 3248 solvenda,
667 3173 697 3234 dt
709 3171 808 3258 partin
821 3175 882 3260 13ae.

445 3257 509 3338 Ως
841 3269 885 3320 ret
1021 3257 1028 3330 j
