2096 3648
309 204 672 284 cuturn„
847 232 900 294 m

36 311 105 380 tum
125 312 306 386 intestinum,
322 314 372 392 qui
387 314 422 374 ab
435 313 529 377 activis
542 313 673 393 partibus,
686 315 714 377 iu
729 316 899 383 fennentan·

35 397 74 458 dai
92 392 211 456 materia
224 385 400 460 haerentibus,
410 396 551 454 excitatur.

37 535 39 544 ,
77 469 283 550 Distinguenda
299 472 369 531 esta
391 473 621 548 puuefaetione,
654 489 720 552 quae
736 474 849 554 quidem
867 498 896 539 e-

36 553 113 626 riam
142 553 181 613 est
197 552 316 612 mutatio
332 568 382 627 per
401 563 514 612 motum
528 550 686 612 intestinum
702 554 895 632 particularum

36 632 144 703 noa,
170 631 221 706 sed,
232 628 345 690 effectus
363 629 420 706 ejus
435 631 493 690 non
509 629 546 690 est
562 629 638 690 idem
661 645 727 692 cum
744 633 896 696 fermenta-

37 711 145 778 tione,
170 711 248 787 cujus
264 707 301 767 est
316 709 416 784 duplex
438 748 448 776 ,
470 710 520 770 vel
542 709 618 770 enim
641 707 746 772 humor
763 713 892 774 exhalans

36 807 92 866 per
110 788 319 848 destillationem
342 786 379 848 est
402 788 505 864 spiritus
526 789 571 848 vel
590 788 680 868 liquor
693 791 730 851 fic
746 803 894 865 mutatus,

32 879 68 926 ut
90 870 121 928 in
146 867 325 928 destillatione
339 863 387 925 fiat
403 867 517 944 spiritus,
537 868 632 939 aceti,
666 887 696 928 rn
720 869 761 930 his
782 882 892 932 tantum

28 945 182 1006 'distinetio
198 945 417 1008 fermentationis
440 946 568 1007 consistit.
619 946 699 1024 ‘Ergo
722 949 814 1010 omnis
838 953 893 1011 fer·

37 1026 223 1106 mentationis
241 1023 353 1095 effecius
369 1025 407 1084 est
421 1025 542 1103 duplex,
558 1043 662 1102 nempe
679 1027 827 1105 productio
841 1029 894 1106 spi-

35 1103 121 1172 ritus,
140 1105 183 1164 vel
192 1105 263 1166 aceti
279 1146 288 1175 ,
314 1103 526 1183 ideoquequod
544 1105 589 1165 vel
610 1105 686 1166 hunc
709 1104 830 1186 spiritum
846 1109 892 1171 vel

37 1195 156 1242 acetum
171 1203 228 1246 non
246 1181 390 1262 producit,
409 1201 468 1246 non
485 1183 522 1244 est
537 1187 734 1246 fermentatio:
761 1187 891 1266 adeoque

33 1271 150 1322 tantum
167 1264 195 1322 in
211 1263 407 1340 vegetabilibus
424 1282 483 1323 non
499 1283 567 1325 vero
585 1265 746 1326 animalibus
765 1267 890 1340 obtinet,

34 1358 136 1414 neque
153 1342 209 1404 ulli
226 1341 276 1402 alid
307 1343 469 1422 artepotest
483 1343 585 1422 spiritus
600 1343 646 1402 ille
662 1345 777 1408 ardens,
802 1365 884 1414 acer,

28 1417 242 1556 lullmmabffis
259 1421 294 1482 ad
309 1420 404 1498 ignem
423 1460 432 1487 ,
448 1440 531 1498 aquae
548 1419 698 1492 miscibilis,
713 1421 829 1497 produci
846 1424 889 1484 ni·

40 1517 52 1556 r
91 1516 135 1559 ac.
701 1551 705 1562 ,
815 1552 819 1565 .

78 1580 104 1644 §.
123 1601 148 1638 2.
175 1578 285 1656 Liquor
297 1589 428 1661 vegetans
442 1575 639 1663 fermentatug,
663 1576 702 1648 ita
716 1589 748 1658 ut
763 1578 883 1668 spiritum
941 1587 944 1590 '

31 1657 318 1718 inflammabilemin
332 1654 422 1732 primi
438 1653 485 1730 det
500 1651 702 1725 destillatione,
729 1657 828 1722 dicitur
845 1659 887 1718 vi·

30 1753 127 1804 num,
156 1733 260 1794 sivero
275 1730 312 1791 lic
328 1728 518 1824 prgeparatur,
548 1743 577 1788 ut
597 1731 684 1807 prima
707 1731 886 1809 destillatione

36 1813 90 1872 det
100 1811 234 1881 acidum,
254 1811 351 1872 dicitur
364 1821 495 1879 acetum,
523 1809 601 1888 quod
618 1809 655 1870 est
668 1811 760 1890 liquor
776 1827 886 1889 vegeta-

30 1892 104 1962 bilis,
122 1907 174 1968 per
181 1885 426 1956 fermentationem
442 1887 591 1980 prpdudlus
607 1928 617 1958 ,
650 1904 680 1950 ut
695 1889 786 1971 primo
802 1894 882 1954 erha

30 1971 93 2031 la'ns
105 1971 211 2031 humor
225 1967 257 2044 fit
282 1969 383 2052 spiritus
406 1965 507 2044 acrdtu.
545 1967 621 2057 Ergo
638 1969 784 2044 cerevisia,
798 1973 854 2032 mel
871 2015 880 2042 ,

31 2049 122 2110 farina
139 2050 304 2120 fermentata
321 2045 376 2110 dici
415 2045 508 2128 odunt
529 2064 618 2118 vina;
644 2047 682 2112 stc
697 2049 791 2116 succus
815 2070 883 2110 uva·

31 2147 99 2188 rum
116 2127 213 2198 viuum
229 2127 353 2196 dicitur,
425 2127 520 2201 ,omnis
534 2126 629 2208 succus
652 2127 809 2204 vegetabilis
826 2131 881 2196 fer·

32 2217 174 2274 mentatus
187 2225 237 2285 per
252 2203 461 2270 destillationem
479 2205 546 2288 dans
560 2202 682 2284 spiritum
701 2206 777 2276 vini,
788 2207 883 2284 'potest

32 2285 90 2346 dici
104 2285 227 2354 vinum,
258 2285 295 2347 sic
315 2287 417 2346 habere
439 2283 580 2362 pollurnus
605 2287 701 2346 vinum
722 2288 880 2361 graminis,

31 2363 210 2435 ettenorum,
227 2383 395 2438 mororum,
412 2382 565 2444 paparum,
582 2363 669 2424 mellis
680 2365 734 2424 &cz
753 2365 882 2444 adedque

32 2439 113 2523 quod
128 2443 211 2514 talem
227 2441 348 2522 spiritum
366 2437 390 2522 ,ᾗ
400 2445 446 2506 vel
459 2443 513 2504 tale
528 2455 640 2522 acetum
657 2461 716 2530 non
732 2443 880 2520 producit,

32 2540 92 2584 non
110 2521 147 2584 est
161 2524 339 2593 fennentatio
356 2565 367 2594 ,
386 2524 428 2593 dic
443 2540 583 2602 quoque,
607 2535 638 2582 ut
653 2523 831 2584 fermentatio
848 2524 881 2584 sit

34 2601 136 2692 duplex
144 2621 297 2744 ὀίωιιξεῐηρε
308 2610 384 2684 quaa,
400 2618 510 2676 acetum
527 2645 538 2674 ,
570 2601 653 2662 altera
676 2620 742 2682 quae
758 2602 879 2679 spiritum

32 2698 93 2741 vinr
132 2697 143 2738 r
200 2694 245 2743 ctt.
752 2691 756 2700 '

69 2763 97 2826 §.
113 2698 362 2835 l'Feimentabite
380 2755 445 2844 ergo
460 2771 575 2826 vocatur
589 2757 644 2818 tale
660 2775 778 2836 corpus,
799 2757 878 2838 quod

33 2839 143 2900 anione
159 2842 188 2905 §.
208 2858 230 2898 1.
248 2840 285 2898 ita
304 2842 404 2899 mutari
420 2838 525 2916 potest,
543 2849 574 2897 ut
590 2835 691 2897 evadat
706 2839 803 2896 vinum
816 2837 881 2906 ‚vel

33 2925 170 2990 acetum,
196 2920 226 2986 δι
247 2917 315 2996 quia
337 2917 395 2994 talis
415 2917 534 2988 mutatio
554 2918 583 2976 in
598 2913 659 2973 lulis
682 2914 880 2992 vegetabilibus

35 2999 160 3064 obtinet,
182 2995 225 3067 illa
237 2995 296 3064 ¹sola
312 3009 448 3062 vocantur
462 2992 673 3056 fermentabilia.

69 3081 102 3143 §.
120 3060 475 3149 pronominatur
492 3091 607 3152 eorpus,
635 3071 713 3146 quod
729 3073 879 3136 fermenta.

27 3139 75 3220 lbili
94 3155 124 3218 §.
142 3151 626 3246 3.admistummlepncntationem
645 3147 691 3207 seu
707 3153 818 3212 motum
835 3157 879 3212 in*

28 3221 178 3296 luinsecum
194 3237 219 3303 §.
243 3251 266 3294 r.
283 3223 576 3369 cxcitatfrutrllplecus,
596 3243 769 3313 promovet,
795 3237 885 3375 agger·

351 3330 353 3334 ’
495 3332 509 3366 2
835 3330 880 3384 .ς.
