2112 3658
114 211 151 274 n
271 166 787 256 tuonnoomnnn

106 317 207 362 omnes
220 298 367 376 Scriptores
382 297 412 356 dc
423 292 505 353 sedas
517 292 642 352 Medicas
649 292 885 363 recenset,annon
891 283 948 369 pii:

105 389 147 441 tas
160 397 293 455 magnum
306 377 398 437 vitum
412 375 496 434 mam
508 373 610 432 horum
629 371 794 432 vesanorum
808 371 837 429 &
850 372 945 432 fatuo-
1045 413 1046 418 η

106 477 170 520 rum
188 458 338 528 hominum
358 454 532 515 mentionem
551 450 665 528 fecisse,
684 449 706 511 st
724 449 834 518 fuissent
847 473 860 522 ,s
881 449 945 516 nori

108 539 184 596 'enim
192 548 251 596 tam
263 536 340 614 parvi
346 533 486 594 momenti
494 545 534 590 res
542 532 580 590 est
592 549 650 605 uno
663 515 753 610 lapide
759 531 941 591 scilicet-didio
1046 583 1047 610 ξ

105 615 299 693 Philosopbico
318 630 418 676 omnes
434 611 547 670 morbos
565 609 718 687 profligare:

150 693 205 754 Sed
224 711 323 770 magna
343 690 464 769 objeetio
483 691 514 748 &
532 701 564 747 ut
583 690 691 748 videtur
716 688 775 749 satit
792 687 876 748 solida
895 697 949 748 ex:

108 773 198 834 Plinio
206 771 338 832 mihifieti
346 769 524 847 potesttcttm
532 767 598 826 dicit
610 770 646 827 L:
657 785 762 827 xxxnr.
771 767 804 826 C:
813 785 838 840 4.
846 767 947 844 cajani
1047 781 1048 792 ³

110 850 284 927 Caligulam,
323 851 371 928 qui
405 848 499 912 omnia
538 846 698 924 prodigebat
728 849 759 906 &
784 843 948 925 profligabat

111 927 388 1010 quaefivilleautum,
401 925 732 1008 hincingentemgopiam
740 925 947 1004 Auripigmcnti
1048 997 1049 1000 Ἴ

107 1007 210 1088 juffisse
224 1009 313 1085 colligi
327 1010 357 1066 dc
371 1001 927 1074 detritamsedrerumeventumdoeutffe
936 1025 950 1088 ,ζ

111 1088 192 1167 quod
209 1106 307 1147 aurum
326 1099 385 1146 tam
409 1084 485 1161 parvi
504 1083 633 1160 ponderis
650 1082 714 1143 inde
732 1083 887 1160 acceperit,
913 1097 948 1144 ut

112 1167 335 1244 experimentum
355 1165 523 1224 detrimento
542 1160 625 1234 ellet,¹
648 1160 723 1225 t'tnde
741 1161 817 1240 patet¹
830 1205 849 1234 ‚,
866 1163 947 1244 quod
1049 1187 1050 1196 ¹

112 1257 209 1305 tamen
221 1244 389 1322 inquisiverit
395 1243 424 1300 in
437 1243 508 1302 lianc
521 1254 626 1312 artem,
655 1243 684 1300 ὃ(
697 1239 777 1318 quod
788 1241 882 1301 revere
895 1257 946 1301 au-⁴

112 1343 176 1386 tum
197 1324 369 1392 confecerit,
395 1339 494 1380 verum
509 1321 566 1381 hoc
580 1319 695 1383 minime
710 1321 786 1396 favet
802 1323 947 1380 lententiae

112 1398 290 1462 torricia&
306 1401 474 1476 conringii,
503 1418 569 1460 nam
588 1400 633 1458 hic
651 1389 682 1459 fit
695 1397 769 1460 nulla
781 1408 961 1462 dammum-¹.
1050 1429 1051 1434 1

62 1530 68 1536 .
111 1483 154 1542 tio
169 1483 289 1551 metalli,
317 1499 377 1540 non
390 1480 516 1538 stannum
542 1480 735 1538 transmutavit
761 1480 789 1541 in
826 1485 949 1550 'aurumi

112 1579 205 1638 neque
218 1561 365 1638 plumbum
392 1559 468 1618 coxit
499 1559 526 1616 in
540 1577 662 1628 aurum,
693 1570 724 1618 ut
742 1557 807 1618 inde
824 1557 946 1634 lapidem

113 1639 342 1718 philosophorum
356 1638 495 1712 colligeret
507 1637 553 1696 vel
567 1637 691 1706 eliceret,
710 1637 947 1714 sedauripigmen-
1051 1709 1052 1712 Ἴ

111 1733 196 1791 tum,
216 1719 293 1798 quod
305 1714 399 1778 reveri
411 1709 514 1794 aliquid
532 1715 589 1775 auri
611 1716 760 1788 continet,
784 1715 951 1779 validlffimd

113 1799 179 1873 igne
199 1797 270 1858 adeo
292 1798 391 1872 coxit,
425 1809 456 1854 ut
468 1794 532 1854 inde
544 1795 611 1856 illud
632 1814 729 1872 parum
743 1796 800 1856 auri
820 1795 947 1866 eliceret,

112 1873 169 1935 hoc
188 1877 299 1935 nonest
317 1886 487 1936 convertere.
513 1873 659 1943 Secundo,
680 1873 745 1932 dicit
758 1875 834 1934 idem
846 1873 952 1936 Pliniua'

111 1954 149 2014 L:
169 1973 252 2014 xxxv.
273 1955 307 2012 C:
322 1954 367 2014 26.
392 1950 529 2010 Tiberium
543 1949 804 2014 interfecillevitum
818 1980 829 2030 ,-
841 1955 888 2030 qui
899 1971 948 2014 ex·
1025 1979 1029 1986 ·

112 2031 254 2109 cogitasset
278 2033 381 2092 vitrum
402 2033 439 2092 ita
462 2031 577 2089 tratiare
603 2032 633 2090 &
657 2041 817 2108 temperare,
834 2044 866 2090 ut
884 2031 952 2094 ellet
1051 2057 1053 2062 ’

112 2111 203 2172 flexile
216 2114 245 2172 &
259 2109 360 2171 ductile
376 2154 385 2182 ,
405 2113 435 2172 δε
448 2106 512 2168 inde
525 2110 622 2169 omnia
640 2109 762 2169 utensilia
774 2108 889 2188 possent
901 2127 952 2188 pas

114 2192 165 2250 rari
181 2234 190 2259 ‚
209 2192 326 2260 veritato,
345 2207 381 2249 ne
395 2188 496 2248 finnus
510 2189 606 2248 artifex
625 2189 748 2249 nosceret
767 2191 824 2252 hoc'
841 2189 951 2252 artifici:

114 2287 165 2328 um
180 2271 305 2329 humano
323 2270 417 2346 generi
435 2266 627 2338 utiliffimum,
652 2267 700 2327 fibi
719 2286 823 2345 magno
843 2267 953 2331 damno'

35 2345 39 2352 '
117 2346 172 2417 stt,
197 2350 261 2426 quia
282 2347 303 2407 st
323 2347 446 2408 utenfilia
468 2364 503 2405 ex
524 2347 596 2406 vitro
618 2347 700 2406 flexili
719 2348 805 2427 parari
823 2345 952 2423 pollent,

114 2426 210 2486 foffilia
224 2426 354 2486 deberent
369 2424 512 2494 vilescere,
537 2426 600 2485 hinc
612 2437 701 2486 totam
713 2427 852 2490 offidnam
865 2428 896 2488 ὃ(
910 2430 951 2488 fa·

85 2520 88 2526 ·
117 2506 223 2565 miliam
237 2506 318 2566 simul
330 2502 510 2574 destruxisset,
529 2503 656 2582 sedaddit
668 2504 784 2579 Plinius,
805 2505 954 2582 quqdhaec‘

115 2587 191 2643 fama
212 2585 330 2644 crebrior
347 2601 433 2662 quam
460 2585 552 2643 verior
570 2585 675 2655 fuerit,
708 2603 773 2662 ergo
795 2583 862 2644 nihil
885 2587 954 2646 certi

114 2662 182 2721 inde
195 2665 360 2724 concludere
374 2660 515 2740 possumus
536 2707 545 2732 ,
570 2662 616 2722 sed
628 2679 765 2738 ponamus
785 2663 953 2725 hocv'erum'

117 2739 193 2811 esse,
227 2761 262 2802 an
283 2742 348 2802 ideo
363 2755 439 2820 patet
458 2742 580 2802 ervitio
600 2743 697 2806 omnia
716 2742 827 2809 metalla
851 2755 899 2804 aut
918 2745 956 2808 eu'

116 2820 232 2880 metallis
244 2840 342 2884 aurum
356 2819 431 2898 polle
446 2819 554 2880 confici.
796 2885 798 2892 ,
826 2887 830 2893 ,
865 2885 870 2892 ,
972 2845 976 2854 ·

153 2899 203 2957 Ast
215 2901 327 2960 ubinam
341 2901 479 2960 invenitui
493 2901 595 2976 primus
607 2899 726 2974 audini,
750 2901 799 2982 qu'i
812 2901 848 2962 de'
860 2899 915 2963 hic
927 2900 959 2965 te

46 2977 48 2984 ’
115 2977 238 3055 scripsit?
256 2980 290 3040 ln
301 2979 356 3039 fine
368 2979 459 3042 saeculi
471 2981 559 3056 quinti
571 2981 618 3039 vel
630 2981 709 3040 initio
720 2981 787 3041 sexti
801 2982 918 3043 demum
926 2985 957 3044 iri

116 3055 268 3120 hominum
289 3069 397 3122 mentes*
416 3057 509 3120 incidit
528 3059 746 3121 nansmutatoria
765 3078 806 3121 ars
828 3059 956 3121 mutandi

116 3135 233 3198 Metalla
247 3139 276 3197 in
287 3147 383 3200 aurum
400 3161 407 3198 ε
427 3137 475 3199 illo
490 3139 565 3198 enim
586 3150 714 3218 tempore
751 3138 856 3199 AEne'as
870 3135 959 3208 case-

118 3227 166 3274 aas
173 3217 202 3277 in
207 3231 284 3294 parte
297 3220 438 3297 posteriori
452 3215 493 3276 sui
505 3219 650 3297 teophrasti
657 3220 738 3290 dicit,
758 3219 959 3301 quodquidam

119 3295 200 3381 uetiti
224 3298 345 3385 latitant
365 3297 510 3361 artificium
533 3297 677 3379 quoddam
697 3302 802 3386 argenti
822 3302 853 3363 δι
870 3300 960 3442 llapni

253 3421 255 3428 ·
915 3397 966 3459 ΡΨ.
