2048 3638
240 165 615 255 cnn‘urrt.
781 219 835 282 ²35

9 299 76 360 tina
91 290 246 373 putrefacta
273 291 456 368 effervescat,
482 295 502 355 fi
525 306 593 356 tunc
615 295 761 364 destillatur
783 298 850 360 loco

9 373 162 453 lrlegmatis
185 371 294 450 insipidi
326 373 419 450 primo
438 375 628 452 egredientis,
658 377 705 436 dat
727 375 851 453 spiritum

12 455 164 523 calinum,
181 451 347 519 volatilem,
379 453 410 512 δε
425 455 529 533 reliqua
544 468 575 515 ut
590 457 669 517 urina
684 455 851 532 putrefatta.

31 544 64 609 ς.
82 553 109 593 2.
140 535 267 592 Granum
294 549 383 590 uuum
410 533 456 592 vel
474 530 604 594 'medium
628 535 708 612 hujus
726 531 852 594 humoris

9 611 141 674 utrefaffi
151 611 261 683 ,nescio
278 610 389 669 homini
402 611 678 688 ingestum,nauseam
695 655 705 682 ‚
732 611 847 684 rullus,
868 635 871 645 ·

9 692 162 756 omitum,
185 689 240 750 alvi
254 688 372 747 fluorem
390 691 453 750 &c:
472 705 504 752 ut
518 691 748 753 violentiffimum
765 709 852 751 vene·

9 789 83 841 um,
103 771 205 832 excitat
212 792 221 838 ;
243 767 332 845 potest
350 767 410 828 fieri
425 770 498 831 adeo
517 774 688 844 vehemens,
715 782 747 830 ut
801 782 847 830 tor

9 850 145 910 ominem
170 847 268 910 reddat
285 863 394 924 aegrum
412 893 422 922 ,
456 855 509 911 uti*
522 865 649 930 expertus
664 851 723 910 sum
740 888 750 917 ,
800 867 851 912 um

9 929 143 989 uondam
165 927 244 994 volui
268 935 401 996 tentare,
436 930 505 1006 quid
530 931 693 990 mutationis
718 927 798 988 fieret
820 929 850 988 in

9 1008 100 1077 isce,
126 1025 193 1068 cum
208 1005 322 1082 digestio
345 1024 395 1084 per
418 1009 485 1069 otto
509 1009 566 1070 dies
582 1009 648 1070 ellet
662 1010 850 1079 continuata,

9 1086 185 1148 rehendebat
200 1087 277 1149 enim
292 1102 340 1144 me
348 1085 407 1144 talis
422 1089 538 1158 nausea,
564 1091 672 1166 vertigo
688 1131 709 1166 ,v
724 1088 823 1148 horror
839 1125 850 1151 2
907 1095 917 1118 '

9 1169 131 1227 norexia
157 1167 215 1227 ἃς.
253 1175 285 1223 ut
310 1163 471 1226 incredibile
495 1169 568 1229 esset.
604 1170 671 1229 Vidi
692 1167 847 1242 homines,

9 1246 96 1306 uibus
112 1243 200 1306 insciis
215 1242 310 1304 saltem
323 1243 426 1322 aliquid
441 1249 522 1326 hujus
536 1261 593 1308 erat
609 1245 763 1325 ingestum,
783 1247 863 1324 qui»

9 1342 50 1383 ue
68 1341 128 1401 prae
143 1321 241 1384 nausea
256 1322 353 1382 durare
370 1342 428 1388 non
445 1340 589 1403 poterant,
600 1345 661 1412 quae
678 1337 773 1384 autem
783 1343 846 1384 mu·

9 1403 116 1477 ubilitas
132 1403 224 1464 omnis
242 1445 251 1471 ,
277 1401 375 1462 addito
389 1405 514 1480 quodam
531 1406 613 1464 acido
633 1447 641 1473 ,
667 1416 699 1462 ut
715 1402 798 1474 sueto
814 1403 846 1461 li·
952 1404 955 1410 '

9 1482 179 1550 tortiorum,
207 1480 359 1549 aloohole,
384 1481 437 1543 sale
454 1484 583 1552 marino,
613 1481 666 1542 lale
681 1482 844 1546 armoniaco

9 1577 46 1623 rc.
67 1559 260 1637 compescitur.
656 1590 663 1610 ι.
804 1609 808 1617 r

25 1647 52 1708 §.
71 1659 98 1720 3.
126 1638 235 1700 Exinde
265 1657 341 1700 nunc
372 1640 493 1714 plurium
516 1641 683 1702 morinorum
701 1639 780 1716 origo
795 1639 844 1704 de÷

8 1723 56 1780 uci
72 1717 172 1796 potest.
204 1717 236 1778 ln
260 1719 337 1778 febre
359 1720 474 1780 ardente
498 1723 574 1780 enim
588 1721 729 1779 *humores
745 1723 776 1780 in
790 1718 843 1780 tale

8 1799 145 1876 ungulum
161 1797 260 1858 lethale
275 1798 408 1860 tondunt.¹
432 1800 460 1860 Si
473 1817 543 1859 vero
559 1798 605 1876 ipll
622 1798 798 1859 lii-humores
812 1797 840 1858 in

8 1879 87 1938 uiete
103 1874 191 1938 calori
208 1877 303 1962 tepido
318 1877 536 1957 relinquerentur
552 1921 561 1949 ,
590 1878 665 1937 hanc*
679 1876 844 1954 coagulandi

8 1959 46 2016 lm
64 1958 245 2027 amitterent,
265 1957 464 2028 lentescerent,
489 1961 519 2019 δι
536 1977 611 2020 acres
629 1956 746 2023 fierent,
775 1971 844 2034 qua·
919 1967 920 1972 ’

8 2053 14 2094 t
30 2036 188 2098 acrimonia
203 2036 250 2095 vix
268 2035 360 2100 similis
374 2037 411 2096 est
426 2037 454 2096 in
473 2056 565 2098 rerum
582 2037 685 2097 n‘aturl.
711 2033 842 2112 Ergosa·

8 2133 22 2174 rs
39 2116 127 2176 nostri
141 2133 200 2176 non
215 2114 286 2175 fiunt
300 2114 410 2178 alcuin
426 2158 435 2185 ,
459 2116 508 2175 nisi
531 2135 580 2193 per
594 2111 841 2194 digestionem,vel

8 2211 35 2254 er
51 2197 200 2262 calorem,
220 2194 266 2254 vel
282 2214 331 2272 per
347 2193 599 2272 putrefactionem,
611 2194 841 2273 &quidem-tunc

8 2281 118 2342 intum',
136 2274 251 2352 quando
267 2275 400 2336 humores
418 2273 567 2350 stagnant,
592 2292 658 2332 nam
676 2273 775 2352 quibus
789 2271 843 2330 hu·

8 2352 169 2436 rorestfiunt
184 2355 347 2430 incorpore
371 2353 479 2414 alcalioi
502 2353 548 2411 vel
566 2353 720 2421 volatiles,
750 2349 786 2412 de
807 2351 841 2412 ils
888 2362 898 2383 ·

8 2431 82 2495 {tum
99 2433 157 2503 est,
175 2450 241 2493 cum
258 2433 349 2494 statim
365 2433 411 2492 vel
426 2449 604 2509 gangtaenae,
624 2431 671 2514 vel
688 2430 840 2512 apoplexiae

8 2525 44 2571 utt
59 2513 190 2573 obnoxii.
218 2513 266 2572 An
281 2513 351 2574 vero
366 2512 423 2574 tale
440 2512 509 2592 quid
524 2529 583 2571 non
599 2510 647 2571 fiet
663 2529 679 2571 a
696 2511 842 2574 niasmate

8 2590 61 2652 estis
79 2635 88 2664 ,
104 2609 171 2652 cum
189 2592 286 2651 omnia
302 2592 375 2654 adeo
392 2594 453 2652 cito
470 2590 625 2670 procedant
632 2592 838 2669 phaenomena,
853 2613 863 2620 ·

8 2667 58 2732 liat
65 2671 160 2733 adhuc
177 2670 380 2752 explorandum
396 2691 412 2733 a
432 2671 561 2733 Medicis.
