2068 3676
152 162 216 231 ror
297 145 835 232 nn'sunpnunu

148 278 259 342 penum
278 264 333 336 est,
357 267 456 339 &tale
468 267 579 345 stilphur,
599 265 779 326 Helmontius
800 262 930 341 praetulit
949 261 1031 328 aliis

73 371 75 378 ¹
148 343 323 420 sulphuribus.
341 347 409 406 Huc
422 348 508 408 etiam
521 343 705 418 referendum.
797 381 798 388 κ
830 414 835 424 ,

185 423 286 499 Tertio
302 423 420 502 Sulphur
431 422 593 484 Arsenicale,
612 423 774 490 Arsenicum
789 437 934 496 magnum
953 441 1014 483 no-

146 537 215 598 men
226 519 265 590 est
280 520 344 580 &fi
363 521 455 581 nificat
463 519 554 596 virum
569 521 675 583 vicium
693 535 726 577 ex
744 497 817 596 'Arrii
840 517 871 576 &
895 501 1007 588 νικάῳ
1029 517 1031 524 ⁴

145 599 190 658 illa
208 599 309 676 species
322 539 452 676 suiphuris
469 598 506 656 est
526 599 654 658 omnium
671 598 800 672 peffima,
820 613 887 655 nam
908 617 1012 660 omne

146 694 234 754 genus
250 677 410 741 aminalium
435 675 543 734 occidit.
582 675 699 736 Nullum
723 676 825 734 animal
851 676 1012 740 invenitur

144 755 223 832 quod
246 755 363 817 refistere
382 753 470 834 potest
488 755 553 814 huic
573 773 711 822 venem,
753 754 799 814 fed
818 757 921 815 omnia
946 760 1011 818 ciro

135 834 361 908 ·extinguuntur;
386 833 554 894 Arsenicum-
566 834 692 892 nativum
706 833 743 894 est
763 832 863 892 coloris
884 835 1003 907 citrini,

145 911 220 969 unde
234 911 388 971 educuntur
401 930 449 989 per
457 923 549 972 runem
563 911 612 970 tria
622 911 746 972 arsenica.
767 914 876 968 Primi.-
890 914 1007 976 album.

145 991 278 1047 Secundo.-
297 991 433 1068 gryseum
452 990 561 1046 Tertio:
581 989 702 1062 rubrum.

186 1069 212 1127 Si
226 1069 336 1127 rubrum
351 1069 508 1128 sublimatur
522 1085 587 1126 cum
609 1068 665 1128 aliis
683 1067 762 1138 rebus
782 1079 903 1126 vocatur
923 1070 1005 1128 San-

145 1146 266 1222 darucia
280 1146 482 1205 Chemicorum:
518 1145 634 1214 alterum
653 1147 745 1206 album
772 1145 809 1205 est
837 1145 1003 1223 crystallisa-

144 1237 227 1297 tum,
246 1225 324 1302 quod
337 1229 419 1286 etiam
426 1226 599 1300 sublimatur,
619 1227 732 1296 tertium
741 1225 868 1302 gryseum
880 1225 921 1284 est
930 1227 1002 1288 ino-

69 1321 75 1328 ’
143 1303 245 1362 dorum
263 1322 322 1363 non
334 1306 440 1384 fulgore
460 1304 594 1364 coccineo
607 1304 788 1380 splendens'ut
808 1303 944 1381 rubrum,
967 1309 1001 1366 &

143 1382 337 1442 Sandaracha.x
363 1385 470 1444 Omnia
478 1383 807 1455 haecarsrnicasrtantrum
821 1384 1000 1458 magnitudi-

142 1461 263 1600 Regrani
276 1464 355 1522 unius
367 1462 697 1617 ηείῑεεηίιπὲὶῖῗῃῒκῐεξε
703 1499 712 1551 ,
723 1459 998 1601 hfrgzbiialiraecgd-

165 1559 203 1600 un
225 1582 233 1608 ,
253 1558 352 1601 eorum
373 1561 468 1602 uema
488 1559 546 1600 ear
577 1558 652 1599 aem
691 1557 750 1600 ror
786 1557 833 1608 n,
872 1557 920 1599 mc
961 1563 997 1600 o-

120 1611 276 1698 ·'cymastae
296 1561 373 1680 nihiil
376 1622 434 1698 plus
447 1631 576 1680 metuunt
591 1663 599 1688 ,
631 1631 717 1696 quam
731 1607 896 1678 Arsenicum
918 1620 995 1681 inter

145 1699 271 1769 metalla,
293 1702 323 1760 &
338 1718 472 1782 magnum
491 1699 597 1768 lucrum
612 1699 764 1768 haberent,
790 1694 933 1772 fipoffent
948 1701 996 1758 in-

144 1781 239 1838 venire
257 1778 369 1857 aliquod
377 1779 561 1847 menstruum,
581 1777 752 1855 quodsolum
765 1775 919 1844 arsenicum
932 1778 994 1837 im·
1011 1821 1015 1834 .

143 1855 261 1992 bibelret,
281 1869 347 1917 nam
360 1871 428 1917 tunc
446 1858 535 1917 statim
555 1856 856 1932 metalla-purgarentur
877 1857 909 1914 ὃ(
928 1873 993 1916 non

143 1947 293 1993 avoarent.

184 2011 313 2072 Arsenica
325 2011 386 2070 haec'
398 2009 512 2088 in‘aqui
526 2029 585 2071 non
596 2010 755 2083 solvuntur,
780 2009 826 2069 sed
838 2011 865 2069 ei
877 2010 990 2091 piuma-

145 2105 208 2150 rum
221 2089 300 2149 instar
318 2089 479 2160 adhaerent,
499 2090 534 2149 ad
552 2090 645 2166 ignem
665 2107 733 2151 vero
751 2089 927 2160 funduntur,
958 2095 990 2150 &

144 2169 384 2239 omnia'metalla,
401 2169 441 2228 uti
458 2169 592 2239 diximus,
612 2168 730 2228 erodunt
743 2171 774 2228 &
794 2167 909 2227 mirifici
922 2187 990 2228 mu-

142 2257 218 2316 tant,
238 2245 307 2306 srcfi
325 2249 399 2307 librae
406 2247 457 2308 uni
474 2247 549 2324 cupri
569 2247 740 2326 admiscueris
759 2265 875 2324 granum
895 2265 987 2308 unum

142 2324 275 2394 arsenicr,
303 2325 335 2385 fit
354 2327 429 2404 quasi
448 2327 587 2403 optimum
608 2326 867 2401 &pulcherrimum
889 2341 988 2402 argen-

142 2414 222 2474 tum,
241 2403 286 2463 sed
299 2415 357 2463 non
370 2405 457 2480 pote‘st
474 2405 610 2474 malleari,
629 2405 739 2480 plurimi
754 2403 819 2462 inde
838 2417 987 2480 argentum

142 2481 346 2620 ¹facersesconati
356 2484 434 2554 funt,
453 2483 498 2544 sed
510 2485 660 2562 quoquein
670 2483 824 2560 perniciem
844 2483 927 2560 hujus
941 2483 987 2542 su-

173 2577 228 2619 enr
251 2573 308 2621 unt.
361 2601 363 2606 .
484 2599 488 2606 ·
887 2587 890 2594 ·

152 2579 287 2699 pOmnia
301 2640 358 2698 fere
371 2639 480 2716 metalli
499 2639 622 2700 constant
640 2657 674 2698 ex
694 2639 815 2717 plurimo
838 2635 985 2718 sulphure,

141 2718 219 2799 quod
232 2717 252 2777 fi
264 2715 434 2794 comburitur
446 2718 555 2776 volatile
569 2717 668 2778 evadit.
882 2731 884 2736 '

180 2802 306 2876 Quarto:
330 2797 381 2876 Est
390 2795 507 2874 Sulphur
518 2796 682 2874 liquidum,
709 2797 787 2875 quod
807 2793 925 2856 ¹uocatur
938 2797 985 2856 Bi-

139 2877 255 2948 tumen,
274 2875 453 2952 Asphaltum,
479 2877 528 2935 Pix
542 2875 671 2949 Judaica,
703 2875 831 2935 videmus
851 2877 907 2936 hoc
928 2873 982 2935 effe

139 2957 248 3031 sulphur
266 2954 393 3015 nondum
405 2955 518 3032 penitus,
532 2954 680 3014 excodium
693 2973 710 3013 a
722 2954 818 3013 naturi
833 2993 841 3023 ‚
874 2971 938 3016 nam
960 2955 980 3012 sr

140 3036 237 3094 oleum
257 3034 374 3094 animale
393 3033 608 3109 vel'vegetabile
627 3033 803 3110 conjungitur
821 3050 888 3092 cum
915 3033 981 3091 oleo

139 3112 264 3182 vitrioli,
293 3111 324 3171 fit
341 3113 456 3190 materia
475 3109 639 3170 bituminosa
659 3107 750 3170 fimilis
770 3113 828 3181 ilu',
860 3129 926 3190 quae
945 3128 980 3170 ex

137 3189 205 3252 “Asu
223 3201 361 3268 portatum
382 3189 586 3262 fisubliruatuu,
612 3187 772 3270 fitsulphuu.
812 3191 889 3272 Ergo
908 3190 978 3248 bitu-

188 3325 197 3337 .
912 3276 977 3331 m‘en
