2108 3684
125 125 193 247 ²252
276 102 357 224 ou
399 157 848 229 menstruis.
931 148 935 155 ’

130 271 199 332 ¹hinc
218 263 352 326 continuo
374 266 442 326 intra
461 265 520 326 ilios
532 283 632 343 poros,
649 261 791 342 adigantur
818 268 849 326 ὃ(
874 267 981 348 impei-

131 351 237 416 lantur,
257 346 287 402 δι
309 343 346 403 fic
365 355 453 403 terant
479 359 567 422 partes
587 345 739 404 eminentei
757 357 816 404 tam
837 347 902 422 diu,
924 349 980 410 do-

132 446 187 488 nec
206 424 378 486 mechanico,
391 423 437 482 illo
456 423 522 482 tritu
540 436 627 498 partes
646 421 832 498 dissolvantur.
851 427 889 486 Et
909 427 979 488 hinc

133 505 310 570 Menstruum
328 501 421 562 subtile
440 501 518 579 quod
536 501 572 560 stc
590 501 673 562 libere
691 503 730 560 ire
751 503 781 562 ὅ(
806 503 895 564 redire
921 523 977 584 po·

131 586 183 646 test
201 601 251 662 per
268 599 370 660 potos,
387 598 446 640 non
463 580 559 650 solvit,
578 580 624 639 sed
643 581 769 658 quiescit,
801 580 838 642 fic
857 583 888 641 &
908 603 976 644 orn·

115 664 181 729 *nes
200 674 312 742 partes,
347 676 413 736 quae
431 671 489 718 tam
510 656 601 720 craffae
618 659 706 731 sunt„
743 671 775 719 ut
796 673 901 722 tranare
920 679 974 722 ne-

131 756 253 824 queant,
268 755 413 816 nunquam
430 737 547 797 solvunt.

134 855 137 862 ·
170 823 246 880 Haec
263 819 324 878 sunt
342 827 461 894 quatuor
480 816 569 894 capita
588 817 798 896 requifitorum,
817 837 851 876 ex
870 818 970 897 quibus

132 916 234 962 omnes
252 897 399 957 solutiones
418 893 625 956 Menstruorum
645 897 744 968 deduci
770 894 901 975 possunt,
938 899 970 960 δι

133 979 199 1040 hinc
224 975 381 1038 difficillime
404 973 578 1034 Mensiruum
603 975 752 1036 universale
783 975 839 1036 dari
864 976 973 1054 potest,

135 1055 275 1133 (credibile
293 1053 402 1114 interim
421 1051 459 1112 est
477 1051 554 1132 posse
572 1051 638 1133 esse)
658 1070 689 1116 ut
707 1055 974 1118 Paraceuusacflel-

131 1135 254 1198 montius
276 1133 444 1194 'attaverunt
460 1132 486 1190 se
505 1129 633 1193 habuisse.

171 1214 247 1290 Ergo
264 1153 396 1272 denfibtle
422 1211 629 1272 Mensituorum
655 1212 806 1291 dotes,vel,
828 1212 972 1290 qualitates

130 1310 274 1372 corporeae
292 1291 422 1361 relativae,
430 1307 495 1368 quae
511 1291 572 1350 sunt
590 1292 660 1352 inter
674 1293 819 1360 ,Menstrua
845 1293 875 1351 &
900 1293 975 1354 inter

131 1369 258 1432 sensuum
287 1370 442 1430 nostrorum
468 1376 570 1447 organa
594 1370 735 1435 sentientia
765 1371 974 1442 acrimoniam,

130 1451 178 1511 seu
198 1449 432 1520 cortostvitatem,
451 1467 510 1509 non
530 1446 639 1526 potsunt
658 1449 711 1512 effe
730 1462 922 1526 argumentum
935 1451 975 1511 ad

83 1591 87 1598 ,
132 1529 373 1590 determinandam
393 1529 453 1588 vim
474 1529 675 1606 &potentiam
696 1527 898 1600 dissolutionis,
923 1530 974 1590 vel

132 1626 197 1669 eam
217 1610 379 1687 negandam.
418 1609 496 1668 Patet
509 1608 594 1676 ciare;
616 1607 706 1668 nostra
716 1604 809 1682 lingua
816 1608 973 1686 deprehen-

132 1687 173 1749 dit
185 1690 272 1750 multa
285 1705 399 1767 corpora
419 1688 572 1758 acerrima,
612 1688 699 1748 multa
717 1687 843 1758 leniora,
881 1687 975 1747 multa

132 1765 324 1840 cdrrodentia,
343 1767 429 1828 multa
442 1765 570 1846 insipida,
590 1767 677 1826 multa
695 1766 833 1835 inodora,
880 1766 971 1827 multa

131 1865 191 1906 non
204 1850 288 1914 item;
309 1845 686 1922 nuncputamusomniaiila,
704 1845 976 1923 quaesortitctagturt

131 1925 162 1982 in¹
175 1942 277 2000 organa
290 1925 394 1992 nostra,
416 1921 470 1980 esse
484 1925 567 1982 etiam
580 1925 722 1987 fortissima
737 1927 766 1985 in
779 1925 830 1986 alia
838 1941 971 2000 corpora,

21 2052 25 2058 .
131 2001 179 2060 sed
192 2013 328 2078 quantum
349 2000 420 2059 abest
438 2001 508 2059 hoc!
530 2000 649 2077 figuras
669 2020 770 2080 aquam
790 2005 910 2074 sortem,
922 2002 974 2076 'est

132 2081 276 2140 fortissima
290 2082 320 2140 δι
333 2077 453 2138 maxime
467 2079 622 2152 cortofiva,
637 2081 686 2147 sed
700 2079 721 2140 fi
735 2084 772 2142 illi
786 2081 910 2142 immittis
923 2099 975 2140 ce-

133 2176 212 2229 ram,
227 2177 286 2218 non
299 2157 401 2229 solvet,
418 2155 973 2236 ferrumveroilicodissolvet&cuprum.

132 2236 208 2312 Ergo
221 2236 291 2296 clare
305 2249 396 2312 patet,
415 2238 493 2315 quod
506 2238 542 2298 ad
548 2237 877 2300 cortofivitatemnullum
885 2239 976 2298 Men-

31 2349 35 2362 ·
131 2314 234 2374 struum
250 2315 329 2392 poffit
341 2315 515 2377 determinari
528 2337 544 2378 a
558 2318 652 2378 nostris
670 2317 802 2389 sensibus,
820 2317 866 2378 sed
885 2317 973 2378 debe-

132 2412 192 2454 mus
207 2393 371 2454 concludere
385 2396 419 2454 ad
432 2396 482 2454 alia
502 2414 634 2474 corpora3
651 2397 708 2456 hoc
729 2399 766 2458 est
784 2396 884 2456 summi
904 2415 975 2457 mo-

133 2473 262 2532 mentiin
279 2473 404 2532 Chemid.
423 2473 467 2532 Sic
480 2474 574 2536 oleum
591 2476 626 2536 ad
645 2476 749 2537 nostros
765 2475 851 2536 sensus
870 2473 907 2534 cst
928 2477 975 2536 in-

132 2549 250 2628 sipidum
264 2552 506 2623 sere,inodorum,
525 2554 609 2614 oculo
615 2553 767 2614 instillatum
775 2555 881 2614 nullum
888 2553 976 2615 dolo·

131 2649 192 2692 rem
209 2647 316 2700 creans,
334 2628 380 2690 sed
393 2629 413 2690 fi
424 2630 507 2696 sumis
519 2632 646 2710 sulphur,
663 2633 846 2710 additaquam
853 2631 975 2708 regiam,

134 2727 235 2787 aquam
251 2710 375 2778 fortem,
413 2709 533 2786 spiritum
553 2711 611 2770 salis
629 2713 684 2769 &cz
698 2711 766 2769 nihil
779 2709 837 2770 set'e
850 2711 977 2772 mutabi-

133 2799 194 2857 tur,
214 2788 278 2848 hinc
291 2786 417 2848 videmur
435 2789 544 2866 sulphur
567 2805 626 2848 non
652 2785 728 2863 poffe
748 2789 816 2848 solvi
836 2790 871 2848 ab
890 2793 978 2853 omni
1044 2833 1045 2838 κ

132 2866 294 2936 Menstruo,
314 2885 379 2926 nam
395 2867 429 2927 ab
447 2868 494 2927 illo
514 2865 657 2925 Menstruo
698 2868 851 2926 acutissimo
871 2867 976 2947 Boylei

133 2965 169 3005 ex
182 2945 326 3009 sublimato
339 2947 475 3008 mercurio
489 2947 542 3004 &c:
556 2943 621 3003 illud
632 2943 741 3022 sulphur
760 2964 819 3006 non
839 2947 975 3021 solvitur,

132 3023 179 3084 sed
198 3043 272 3099 pone
290 3024 356 3084 illud
376 3035 483 3084 tantum
506 3023 535 3080 in
548 3022 637 3093 oleo,
676 3022 834 3088 dissolvetur
853 3028 976 3101 penitus.

4 3167 6 3172 Ι
135 3101 220 3160 Unde
233 3103 330 3162 videtis
345 3104 411 3162 nihil
430 3100 649 3172 ratiocinandum
668 3101 723 3164 effe
735 3103 771 3164 ad
785 3101 892 3164 nostros
912 3105 976 3166 sen-

111 3219 113 3228 s
134 3179 177 3265 stu
190 3179 225 3241 de
237 3181 401 3272 Merinum.
417 3177 718 3270 necdesolutionibus,
756 3179 793 3245 stc
811 3181 979 3328 spiritffi

59 3309 67 3314 .
932 3282 961 3326 tn
