2058 3642
160 257 217 322 ιω
368 243 837 312 orrnnrrours

201 359 231 422 §.
250 374 274 432 5.
296 355 531 424 Fermentabilia,
556 349 640 412 idest
661 350 786 430 subjecta
810 356 840 420 ς.
858 367 887 430 3.
917 351 1003 414 admo

164 434 234 494 dum
249 435 323 496 varia
338 435 398 496 sunt
414 478 423 505 ,
448 449 569 513 quorum
583 431 716 510 quaedam
738 447 933 491 communem
948 451 1002 510 opo

162 515 300 574 rationem
317 515 474 594 patiuntur,
489 511 621 590 quaedrm
635 509 775 570 diversam
790 511 1002 590 requimnt,m

164 585 201 651 de
214 593 244 652 in
258 603 301 654 tot
317 591 408 652 classes
421 589 620 660 fennenta'bilia
636 588 818 657 diuiduntur,
837 602 915 668 quot
929 591 1001 650 direr-

166 669 186 730 fi
197 671 277 732 modi
290 673 319 732 in
328 670 488 750 quibusdam
501 669 675 746 requiruntur
694 666 732 726 ad
745 669 1000 734 fermentationem

166 749 254 810 alium
270 753 346 810 enim
370 751 490 808 modum
512 746 682 824 procedendi
702 747 822 824 requirit
836 747 956 821 farina,
982 767 1001 805 n

166 829 236 888 lium
259 828 331 888 succi
355 827 475 904 expreffi.
514 825 559 886 Sic
580 826 703 884 triticum
725 823 820 902 primo
843 826 925 905 aque
946 825 1001 906 pui

169 904 324 968 huncum
331 907 414 966 debet
429 950 438 976 ,
455 909 486 966 &
500 906 538 964 ita
554 902 725 982 aliquamdiu
747 901 818 962 stare
833 917 868 966 ut
883 923 957 984 aqua
968 925 1001 984 pe

166 995 256 1044 netret
270 1027 280 1054 ,
313 989 345 1046 &
358 987 478 1046 triu'cum
492 995 600 1044 mmeat
614 1026 624 1054 ,
648 995 716 1042 tunc
730 999 805 1059 aqua
821 983 930 1046 iterum
943 987 1000 1063 sepr-

166 1063 251 1122 randa
266 1063 323 1134 est,
343 1066 375 1123 &
388 1081 475 1140 grona
487 1064 569 1122 tritici
584 1063 613 1122 in
630 1060 776 1121 cumulum
792 1066 999 1142 aggregandi&

167 1135 254 1216 probe
268 1143 386 1218 tegenda
400 1141 486 1212 sunt,
517 1154 550 1201 ut
572 1141 646 1200 calor
665 1141 835 1217 spontaneus
858 1143 999 1205 omunia

166 1219 215 1278 illo
232 1237 356 1290 acervo,
385 1218 479 1296 postei
501 1221 593 1281 siccari
615 1219 718 1278 debent
733 1219 781 1278 vel
803 1227 875 1282 aere
896 1235 999 1302 apertu»

166 1298 213 1356 vel
226 1298 406 1359 instrumento
421 1301 450 1358 in
465 1299 541 1359 hunc
556 1299 641 1360 finem
658 1297 749 1367 fallo,
769 1298 900 1380 denique
914 1301 998 1363 inrui

168 1395 236 1436 nam
252 1380 384 1449 conteri,
408 1391 475 1454 tunc
497 1397 513 1437 a
533 1399 579 1438 uae
601 1376 708 1436 misceri
723 1380 796 1437 &ct
826 1383 859 1442 in
878 1377 999 1442 aliisven

166 1458 239 1532 prius
253 1457 324 1519 succi
334 1458 435 1518 debent
451 1457 527 1536 expri
561 1459 567 1469 “
591 1457 622 1516 &
645 1469 712 1515 tunc
732 1456 770 1516 ad
785 1458 999 1522 fermenundm

166 1553 197 1592 re
217 1554 276 1595 om.

199 1554 367 1674 {locandum
382 1625 480 1676 tamen
502 1632 562 1674 non
583 1616 681 1698 omnia
695 1614 868 1696 vegetabilie
883 1616 951 1679 vere
964 1617 1000 1675 m·

167 1695 326 1754 mentrbilia
341 1693 396 1763 dici
409 1692 504 1770 polle,
522 1706 554 1752 ut
569 1691 674 1771 {inopi}
693 1711 772 1770 cepae
788 1695 857 1755 &c:
876 1715 945 1757 nam
956 1699 1000 1756 hp·

66 1779 79 1800 ⁴·
164 1772 294 1840 exhibent
308 1774 445 1850 liquorem
463 1771 778 1860 insipidumfaetidum,
799 1775 854 1851 qui
869 1778 999 1853 potiuspu

164 1853 371 1923 putrefaclionis
386 1850 488 1910 effeuu
500 1851 643 1911 habendus
666 1851 716 1910 est.
751 1851 832 1928 Ergo
854 1866 963 1916 tantum
976 1868 999 1909 er

163 1923 225 1985 sunt
240 1929 566 2006 fermenmbilia,quaein
582 1929 764 1990 destillatione
780 1931 852 1992 dant
868 1936 920 1994 vel
932 1949 1002 1993 mim

163 2004 210 2064 vel
225 2007 341 2066 alterum
356 2004 433 2082 supra
447 2007 586 2067 diuorum
600 2008 741 2086 liquorum
758 2011 784 2074 i.
805 2030 837 2070 2.

203 2087 228 2150 ὁ.
243 2086 269 2146 6.
289 2083 428 2147 Praemffe
441 2085 496 2145 hle
513 2087 653 2156 domini,
682 2087 771 2164 prima
787 2089 881 2151 claffis
896 2091 1000 2154 mame

164 2165 261 2224 omnia
276 2165 383 2226 semina
400 2164 516 2224 farinosa
533 2204 542 2232 ,
565 2167 702 2225 farinacea
724 2178 821 2227 autem
841 2168 912 2232 sunt
925 2169 1002 2232 omnir

162 2239 266 2303 semina
281 2289 290 2315 ‚
319 2263 384 2322 quae
399 2244 530 2310 arefasti,
545 2245 574 2304 in
584 2243 719 2322 pollinem
734 2245 824 2322 redigi
830 2250 951 2325 poffunt
962 2292 971 2319 ,
984 2248 1003 2306 δ

160 2319 225 2379 hoec
243 2319 302 2382 sunt
317 2323 430 2399 triplicis
444 2323 561 2399 generis.

201 2401 241 2473 (ι)
264 2403 332 2462 Sunt
349 2420 384 2462 er
394 2403 499 2477 spiculis
514 2402 661 2477 gramineis
669 2401 743 2461 foliis
757 2402 838 2465 idest
853 2407 1003 2471 cerealibus

160 2487 192 2534 ut
207 2475 318 2549 secale,
335 2479 495 2541 hordeum.
513 2481 659 2560 turicum,
683 2499 788 2558 oryza,
818 2485 962 2561 milium,
979 2487 1005 2544 n

157 2569 297 2630 gopyrum
317 2596 326 2624 ‚
353 2560 383 2616 δι
406 2573 471 2636 quae
487 2559 543 2618 huc
558 2562 712 2619 referuntur
729 2560 767 2618 ob
783 2559 1004 2632 fimilitudinem

157 2634 307 2706 utimum,
329 2654 436 2707 avena,
453 2639 626 2698 numentum
636 2638 867 2712 sacmcenicurn,
889 2647 1005 2721 phanio

155 2710 238 2803 spelta
255 2754 264 2782 ‚
294 2717 325 2773 &
341 2733 441 2774 omnes
455 2716 554 2775 harum
569 2718 669 2800 species
683 2716 908 2792 subordinarae‘,
929 2739 971 2785 ut
983 2723 1009 2780 ie·

153 2808 236 2928 lrimna
254 2796 424 2878 melonum,
453 2813 626 2872 peponum,
655 2795 863 2860 cucurbitarum
890 2805 926 2863 δε
950 2803 1010 2864 line

175 2887 236 2930 um.
280 2929 284 2936 .

50 3010 54 3020 ,
167 3005 170 3014 ,
192 2956 238 3020 (2)
264 2951 440 3023 Lelmnum,
455 2961 487 3008 ut
500 2949 560 3008 sunt
575 2949 666 3022 fabae,
683 2952 885 3029 pisa,lentes,
903 2960 1010 3020 cicera

151 3027 415 3104 anonydisremma
434 3067 443 3094 ‚
472 3027 590 3104 phaseoli
606 3049 708 3092 omnes
724 3075 733 3100 ,
760 3034 867 3102 orobi,
904 3039 1011 3114 lupini,

151 3103 294 3180 astragali,
318 3123 418 3178 omnes
441 3103 562 3182 denique
576 3107 678 3184 plantae
703 3111 907 3188 papilionaceo
924 3117 1012 3178 flore.

149 3175 253 3239 senine
269 3195 421 3260 utcumque
435 3183 555 3240 furinoso
573 3188 787 3268 ,‘·&·fil,iquoli
809 3193 942 3270 capsula.

183 3261 227 3336 (3)
238 3261 331 3317 Nuces
344 3277 403 3318 non
418 3260 500 3320 nimis
515 3259 631 3337 oleosae,
640 3278 674 3327 ut
681 3267 820 3332 castmeae
830 3311 841 3342 ,
850 3273 1011 3336 avellens.

213 3357 217 3362 '
528 3352 538 3366 “
564 3354 567 3364 ’
910 3353 1013 3430 juglu-
