2048 3638
123 155 179 218 ,ῃ
337 111 801 190 opuaATtoan

123 237 183 308 dit,
208 251 276 294 cum
290 231 341 293 illis
354 245 488 312 tanquam
496 231 606 292 medela
619 229 773 306 applicatur
790 253 798 291 :
838 250 889 292 cut
904 233 973 292 alco-
1001 263 1002 274 κ

126 317 178 377 hol
193 314 272 374 venis
285 312 549 385 infusum,mo'rtem
565 326 803 373 momentaneam
814 313 922 372 faciat:
938 329 975 371 cu

109 433 111 440 ·
129 406 249 482 epotum
265 394 294 454 in
308 391 410 468 scriptis
426 391 544 450 medicis
562 385 723 456 observetur
737 390 975 466 praesentiffimutn

129 491 286 537 venenum.
324 471 466 531 Ceterum
490 470 525 527 ab
547 467 678 528 alcohole
700 466 739 527 lic
763 471 938 548 inspillatum
953 471 980 528 a'·
1002 505 1003 528 1

129 553 238 612 bumen
260 551 309 616 oti
327 551 365 609 ab
386 551 467 610 onmi
486 547 688 624 putrefactione
711 547 865 610 defensum
888 563 979 624 manet
1002 557 1003 586 ³

131 634 213 692 Hinc
230 627 344 708 pessimb
368 647 384 688 a
406 627 500 687 multis
519 627 639 686 Medicis
659 626 779 687 habetur
802 641 856 706 pt'o
881 632 979 706 optimo

132 709 286 772 resolvente
300 711 331 768 ὃ(
345 719 505 768 attenuante
514 708 583 771 ‚uti
594 705 713 780 videtis,
737 709 786 767 hic
801 708 882 787 quast
897 709 981 786 sponte

134 802 298 850 concretam
322 790 351 848 in
373 786 487 846 solidam
502 788 532 845 δι
548 785 767 862 ftagmentosam
793 807 945 868 macetum
959 801 980 844 ut

137 871 174 929 ab
201 869 291 945 igne,
320 867 381 926 imo
413 865 500 942 ipsum
534 863 646 924 alcohol
688 867 768 940 quali
824 871 981 946 coagulatam

135 948 215 1007 Hinc
238 965 352 1026 quoque
376 943 530 1010 videmus,
564 943 632 1022 quid
652 943 854 1020 ratiocinando
882 946 978 1010 condu·
1003 1005 1004 1008 ,

135 1027 261 1086 dendum
277 1025 309 1086 fit
325 1025 361 1083 de
376 1023 592 1088 medicamentis
616 1023 804 1101 vel'uenenis
817 1066 826 1094 ‚
837 1045 908 1087 cum
925 1043 977 1085 con·
1003 1009 1004 1052 ¹

136 1108 220 1164 naria
237 1105 304 1164 fiant
320 1124 327 1162 :
355 1101 392 1160 fic
409 1101 486 1160 idem
502 1121 601 1164 verum
618 1101 655 1162 est
671 1103 709 1163 de
725 1104 863 1181 sanguine
879 1109 910 1166 ἃ
924 1107 976 1165 leto.

135 1184 217 1244 Patet
231 1198 364 1260 quoque,
377 1199 462 1260 quare
476 1180 589 1242 alcohol
603 1181 711 1252 sensum
737 1183 845 1246 doloris
869 1186 944 1244 tollat
955 1187 975 1240 in

136 1261 272 1340 pundutai
285 1259 383 1328 nent,
411 1261 441 1318 ὅ(
458 1258 596 1336 stipticum
612 1263 755 1340 optimum
773 1264 807 1324 stt
825 1267 855 1324 in
871 1265 975 1338 haemot·

139 1341 258 1418 thagiis,
275 1337 452 1424 coagulando
466 1337 629 1418 sanguinem
649 1343 679 1402 δι
695 1343 756 1426 ejus
772 1345 877 1406 serum.

173 1537 546 1649 PROCESSU'S
598 1538 949 1656 VIGESIMUS
1004 1599 1005 1604 κ

410 1779 676 1874 PRIMUS.
1005 1816 1006 1894 l

170 2006 366 2104 Aldumen
399 2007 486 2098 Ovi
527 1979 586 2087 in
609 2005 954 2128 destillatioaedat

198 2223 360 2334 Aquam
369 2247 437 2302 nec
454 2218 604 2302 acidam
623 2245 691 2300 nec
710 2219 935 2304 alcalinam.

146 2445 175 2512 ὁ.
197 2461 221 2504 t.
308 2442 423 2505 lbumen
445 2445 495 2504 ovi
516 2444 651 2520 digestum
676 2452 777 2518 tepore
799 2451 926 2525 emporis
943 2447 977 2506 hu

231 2456 407 2608 Amani,
424 2525 505 2583 omni
527 2533 677 2582 momento
699 2521 833 2599 liquidius
853 2527 911 2600 fit,
934 2529 979 2586 uln-

312 2601 362 2660 mb
377 2604 522 2678 inaquam
538 2601 596 2662 fere
610 2599 771 2669 resolvitur,
803 2607 940 2668 minuitur
949 2607 978 2662 in·

145 2679 331 2756 credibiliter,
359 2694 389 2740 ut
405 2682 506 2740 ultimo
525 2693 641 2742 tenuem
665 2678 761 2756 saltem
779 2683 939 2758 pelliculam
951 2703 980 2743 te·

69 2802 71 2811 ,
143 2757 250 2847 linquat
264 2757 343 2822 instar
359 2761 457 2820 charta
474 2803 482 2829 ,
500 2759 577 2837 quod
593 2760 666 2836 saepe
690 2760 809 2819 mit-atus
825 2762 908 2834 sunt,
930 2781 980 2824 cuu

143 2839 208 2901 vult.

183 2920 208 2982 §.
224 2939 250 2977 ι.
274 2917 301 2978 si
324 2933 392 2975 vero
416 2916 472 2974 hoc
496 2915 698 2993 albumenigne
720 2933 884 2988 arenae,ex
898 2917 982 2981 retoni

144 2993 290 3058 destillatur
304 2995 340 3054 ad
352 2995 503 3054 siccitatem
527 2991 610 3063 ferd,
636 2993 778 3056 exhibebit
803 2999 982 3060 incredibilem

143 3074 255 3146 copiam
272 3091 354 3151 aquae
367 3075 415 3131 vix
431 3073 544 3141 odorae,
569 3074 616 3131 vix
632 3074 751 3149 sapidae,
775 3073 824 3134 sed
843 3091 981 3155 utcumque

140 3148 429 3223 sulphureo-faetida,
450 3168 508 3209 non
525 3153 699 3214 fermentatae
718 3189 728 3224 ,
755 3171 813 3215 nec
830 3155 981 3235 spirituosae.

192 3244 195 3250 ·
213 3227 319 3298 acidae,
337 3245 391 3288 nec
405 3225 538 3306 alcalinan
924 3241 947 3304 t.
960 3253 978 3312 3.
1003 3227 1006 3236 ⁴
