2112 3658
136 201 195 302 ,s
275 195 850 280 nnonsoomssrsn.

134 307 282 371 inunum
296 307 331 368 de
345 305 596 388 Cbemr'staisceprico
611 307 639 368 id
653 307 691 368 est
705 307 851 369 dubitante.
860 303 978 364 Chemi·

138 407 174 448 co
188 387 282 460 edidit,
297 389 418 470 aequavit
432 391 527 470 itaque
532 384 661 466 promiffa
668 385 713 448 sua
721 385 780 463 ipfis
787 365 899 450 effedts.
918 385 979 442 Vix

136 467 225 528 ullum
244 467 428 555 pulchriorem
450 468 480 528 ὃ(
500 466 687 529 candidiorem
704 463 825 534 habetis,
845 463 895 544 qui
907 461 980 526 dixit

58 597 64 606 .
135 545 223 611 resse
242 556 280 607 ita
298 545 422 620 habere,
447 547 541 624 quales
560 545 587 604 se
606 545 739 613 habeant;
762 545 792 602 &
805 542 980 618 ubicumque

24 631 55 702 ῥ’
137 620 204 686 effet
222 625 284 683 artis
305 625 446 702 magister,
465 622 642 685 liberalissime
660 621 795 700 impendit
813 621 844 678 iis
855 618 981 681 neceffa-

136 703 192 774 ria,
212 703 327 766 unicum
348 702 387 778 (fi
405 703 485 762 liceat
497 704 534 778 ita
548 701 661 776 dicere)
670 703 770 766 vitium
783 698 892 769 habuit,
909 699 982 764 scili-

138 793 183 850 cet
201 780 279 869 quod
301 779 505 844 medicamenta
517 777 562 845 sua
577 780 712 846 Chemica
728 779 878 844 Medicinae
892 765 1011 856 applj!⁸

139 860 197 921 cuit
203 859 285 917 nmis
292 857 543 934 credrdus,ubique
554 859 623 918 uires
631 855 763 934 adscripfit
770 876 827 917 non
835 856 981 936 probatas,

94 944 99 1002 ,“
109 985 112 993 .
136 955 203 998 narn
224 936 321 999 nobilis
341 938 387 996 bic
408 937 467 1007 vir,
486 953 551 996 cum
565 937 667 996 fecerat
680 935 771 1012 aliqua
782 935 980 997 Medicamen-

136 1030 182 1096 ta,
202 1015 368 1090 exploranda
382 1014 462 1074 dabat
473 1013 608 1086 Medicis,
634 1024 665 1075 ut
683 1013 753 1074 vires
768 1031 866 1074 eorum
880 1014 982 1091 explo-

58 1094 59 1098 ’
138 1106 252 1162 tarent,
278 1095 309 1152 δι
328 1093 397 1152 scitis
417 1093 592 1154 humanitatis
612 1090 665 1151 eise
677 1091 807 1164 blandiri,
826 1093 891 1152 hinc
909 1111 979 1156 cum

136 1173 180 1233 illa
196 1171 403 1244 Medicamenta
419 1181 596 1250 acceperant,
618 1165 979 1248 puchrioresilrirnceeffus

136 1249 344 1322 adiciibebant,
372 1269 457 1328 quarn
477 1249 549 1316 forte
569 1249 716 1321 haberent,
734 1269 800 1313 cum
817 1250 846 1308 in
858 1264 917 1314 uno
931 1253 981 1318 vel

136 1329 223 1389 altero
242 1329 559 1405 experimentorerum
581 1329 683 1407 aliquid
701 1329 813 1390 effeetus
833 1325 980 1404 vidisent,

110 1415 112 1420 ’
138 1409 170 1468 &
184 1421 245 1470 tum
257 1406 298 1473 ,fic
311 1406 428 1485 Boylaeo
443 1408 617 1479 enarrabant,
637 1407 685 1484 qui
698 1408 779 1466 nimis
793 1405 981 1468 creduusvir-

136 1487 208 1546 nites
222 1485 277 1546 illas
291 1486 413 1546 laudavit
428 1486 600 1550 &extendit
639 1485 682 1544 Sic
702 1485 767 1550 dicit
779 1484 901 1561 spiritum
914 1486 978 1546 san·
1041 1469 1042 1506 ¹

136 1565 225 1643 guinis
234 1565 358 1624 'humani
379 1567 408 1624 ὃ(
423 1563 514 1628 cornu
527 1567 600 1624 cervi
613 1563 720 1640 optime
733 1563 790 1622 dari
802 1563 832 1625 in
845 1562 978 1640 phtyficis

87 1749 89 1755 v
136 1740 199 1783 mus
221 1719 444 1800 phtysr'cosfere
468 1721 574 1799 semper
599 1719 756 1786 incurabiles
776 1716 854 1788 eise,
879 1719 977 1786 saltem

33 1652 35 1658 ·
95 1637 98 1650 ”
136 1642 315 1722 corporibus,
336 1644 367 1702 &
386 1643 516 1719 Meditor
536 1645 592 1704 1¹⁰0
603 1653 730 1720 expertos
742 1637 812 1711 effe’
832 1657 898 1715 “³¹¹¹
910 1643 979 1703 sm*
1041 1717 1042 1720 ¹

135 1801 210 1861 hune
229 1799 350 1878 spiritum
371 1817 430 1860 non
445 1797 505 1860 'effe
525 1801 665 1860 efficacem
686 1801 715 1866 in
732 1798 779 1858 tali
800 1797 916 1866 morbo;
939 1800 979 1864 sic
1041 1823 1042 1882 3

133 1877 222 1942 scribit
236 1879 271 1942 de
286 1879 398 1955 pulvere
420 1879 499 1941 Euris
524 1880 654 1948 Veneris,
681 1876 730 1956 qui
742 1885 841 1940 omnes
854 1877 981 1944 Radriti·

136 1973 184 2016 cos
207 1957 358 2023 curaverit,
383 1955 430 2015 sed
447 1958 518 2032 saepe
531 1951 588 2016 vidi
601 1957 676 2020 hunc
689 1955 820 2020 morbum
834 1954 912 2018 nullis
926 1975 980 2020 au·
1041 2009 1042 2036 ,

134 2033 247 2094 scultare
265 2033 408 2102 remediis,
427 2032 476 2100 nisi
496 2033 554 2109 uiui
566 2031 638 2110 saepe
651 2035 748 2094 iterato
763 2032 928 2102 Rhabarban'
942 2037 980 2100 ad
1041 2059 1042 2062 ¹

136 2130 253 2179 mucum
274 2115 303 2170 &
316 2111 443 2188 phlegma
457 2112 523 2176 illud
536 2109 750 2184 excutiendum,
767 2111 813 2171 sed
830 2113 980 2180 cumbene
1041 2123 1042 2134 ¹

136 2189 304 2268 expurgasti,
315 2189 389 2249 'tunc
402 2191 478 2252 enim
491 2191 677 2258 roborandum
693 2190 730 2258 est
744 2233 753 2264 ,
771 2203 834 2250 turn
848 2189 905 2252 Ens
916 2191 981 2255 Ve-

135 2272 207 2328 neris
226 2269 382 2346 constringit
403 2270 627 2346 &compaginat
648 2271 717 2329 inter
740 2267 792 2342 se,
803 2268 849 2328 sed
866 2267 890 2327 ‘fi
903 2271 979 2345 prius
1041 2331 1042 2334 ,

133 2344 185 2408 des
199 2349 255 2408 hoc
269 2348 341 2417 Ena,
367 2359 434 2408 tunc
448 2347 532 2424 longe
545 2347 710 2416 deteriorem
722 2347 811 2416 reddis
826 2347 981 2422 morbum,
1041 2351 1042 2386 i

135 2423 183 2485 sed
200 2429 289 2486 hocce
307 2423 400 2486 reveri
413 2419 790 2504 Boy'iaeus'commendaffet,
807 2426 828 2484 fi
843 2427 980 2502 practicus

131 2502 243 2574 fuiiiet,
269 2523 334 2566 nam
353 2523 418 2564 curn
438 2505 554 2572 Medico‘
568 2505 775 2568 Medicamenta
791 2505 881 2582 aliqua
891 2505 981 2566 dedis-
999 2535 1003 2542 ’

136 2582 193 2654 fet,
216 2585 251 2644 rlli
271 2583 401 2643 nolebant
415 2583 504 2649 dicere
516 2593 598 2644 tuum
612 2584 853 2648 Medicamentum
867 2585 978 2649 nulium
1041 2615 1042 2638 1

136 2661 184 2721 vei
202 2661 307 2722 maium
327 2661 458 2720 effectum
473 2661 574 2736 edidit,
600 2663 656 2721 hoc
669 2680 734 2740 ergo
747 2661 832 2720 unico
851 2662 923 2730 vitio
937 2663 982 2726 la»
1041 2721 1042 2730 ,

14 2807 16 2812 k
134 2739 236 2811 borat,
262 2737 339 2818 quod
358 2739 570 2804 Medicamentis
590 2739 816 2816 multas'&saepe
830 2743 982 2806 contrarias

130 2819 207 2878 ¹vires
222 2819 365 2889 adscribat,
384 2836 451 2895 quas
464 2837 522 2878 non
536 2832 661 2896 expertus
676 2819 730 2889 est,
751 2831 885 2882 caeterum
902 2822 980 2896 opti·
1041 2825 1042 2888 i

135 2913 198 2960 mus
219 2897 279 2968 eii,
305 2899 336 2962 dc
354 2898 463 2959 notavit
474 2911 532 2958 tam
545 2897 687 2982 prosperos
700 2915 786 2984 quam
800 2897 899 2964 dubios
911 2917 980 2978 pro-
1041 2897 1042 2948 i

136 2975 370 3113 ceiisiuescensuimus
389 3051 425 3113 iic
444 3066 556 3124 ortum,
581 3051 768 3133 progress'um,
787 3053 861 3125 iata,
880 3053 981 3116 audio·

133 3146 179 3210 res
190 3131 279 3194 bonos
293 3134 324 3191 &
337 3131 483 3192 damnosos
499 3133 646 3205 Chemiae,
684 3135 827 3210 uicunque
840 3152 917 3195 nunc
923 3133 982 3194 dis.

35 3312 38 3320 ι
134 3223 200 3325 ecre
219 3211 280 3275 vult
298 3211 465 3287 Chernian'r,
485 3210 567 3278 debet
586 3153 802 3316 surededdsfsre
814 3225 904 3278 artem
920 3213 993 3355 νέΙὲ
