2120 3640
237 171 622 238 crrEMlAtt.
730 231 738 252 f
840 199 897 264 309

168 274 483 354 prunocnssus
515 260 753 369 'nuntius

39 378 150 437 Plumbr'
168 361 276 438 Sorano·
287 387 315 440 a'n
327 389 412 439 Accio
431 384 629 464 distillaruvel
640 389 730 448 Calais
744 386 845 465 plumbi
851 389 899 444 So·
950 405 957 416 ·

80 461 148 520 latio
162 461 191 516 in
204 465 317 520 Acetum
333 462 528 603 La‘tlrlcgr·{,¹y?{;r'n3
554 467 602 538 uel
614 467 642 525 in
659 467 716 526 Lac
733 470 859 546 uirginea.
893 535 895 542 y

41 650 68 711 §.
89 663 112 706 r.
128 647 244 752 Minio
261 687 270 714 ‚
302 645 504 724 Lithargyrio,
532 646 681 739 Ceruffae3
704 649 889 730 Plumbagini,

186 726 327 803 (potloot)
340 728 386 786 vel
400 727 517 803 plumbo
536 727 646 794 crudo,
666 727 742 788 idern
760 727 796 788 est
809 727 891 806 quale

35 803 187 871 sumatur,
217 804 407 880 superaffunde
428 805 533 882 spiritus
551 807 622 866 aceti
640 807 828 884 vigecuplum;
842 806 890 866 fiat
927 853 928 856 ,
1031 851 1032 854 ,

35 882 164 943 ebullitio
179 884 207 942 in
222 881 309 960 phiald
325 884 387 953 altri,
412 885 550 946 methodo
567 884 665 954 nollrd,
682 904 730 962 per
747 906 784 956 24
800 887 890 944 horas.

34 962 221 1036 supernatans
236 962 498 1042 liquor,quiescente
512 964 754 1034 faece,effundatur
764 1003 772 1030 ‚
782 965 888 1022 velser-

34 1057 110 1099 vens
127 1039 217 1102 adhuc
231 1041 346 1103 filtretur
360 1061 409 1120 per
424 1043 545 1106 chartam
564 1083 573 1112 ‚
595 1043 706 1119 frigidus
723 1044 799 1102 enim
817 1041 889 1102 diffi-¹

33 1119 129 1180 culter
143 1119 235 1180 tranht
251 1163 261 1191 ,
289 1123 339 1182 erit
354 1121 503 1198 pellucidus
519 1126 548 1192 &
566 1123 762 1182 nauseabunda
778 1121 889 1181 saccha-

30 1198 108 1270 rinae
125 1197 292 1262 dulcedinis:
327 1215 444 1262 vocatur
466 1215 578 1266 acetum
598 1203 763 1280 Lithargyrii
780 1205 807 1260 in
825 1201 887 1260 offi-

30 1276 106 1336 cinis
124 1318 133 1345 ,
159 1279 223 1356 quia
238 1279 274 1339 ibi
291 1279 398 1357 semper
412 1281 557 1345 adhibetur
572 1279 827 1356 Lithargyrium.Si
842 1297 886 1337 te·

28 1353 105 1416 lieto
120 1355 250 1419 infundo
268 1360 330 1420 faeci
354 1359 504 1418 affunditur
519 1375 628 1416 novum
652 1368 763 1423 acetum
781 1359 810 1414 &
826 1373 890 1431 per·

28 1435 110 1512 gitur
124 1445 154 1494 ut
168 1439 262 1513 prius,
281 1439 400 1496 solvetur
414 1447 475 1494 tota
490 1434 550 1492 calx
559 1434 588 1492 in
596 1434 756 1510 hujusmodi
773 1433 887 1509 dulcem
895 1443 902 1507 ᾗ

29 1515 187 1592 liquorem.
448 1564 455 1600 l

76 1593 108 1657 §.
126 1611 154 1648 ι.
177 1591 205 1648 Si
220 1591 267 1650 hic
282 1589 374 1667 liquor
389 1587 500 1656 exhulat
515 1589 551 1649 ad
568 1589 747 1666 mellaginem
763 1629 773 1658 ‚
794 1587 887 1667 illique

29 1665 280 1745 superaffundatur
295 1685 385 1728 novus
399 1667 503 1744 spiritus
517 1671 589 1727 aceti
605 1712 614 1738 ‚
639 1669 744 1746 fiatque
760 1686 834 1728 nova
850 1669 891 1728 in·

27 1744 153 1826 spiffatio
165 1785 174 1814 ‚
184 1747 283 1810 &haec
298 1748 446 1824 aliquoties
455 1758 594 1823 repetatur
605 1785 623 1814 ,¹
633 1747 782 1808 habebitur
791 1748 888 1808 oleum

27 1823 155 1906 plumbi.
175 1824 269 1902 estque
285 1823 419 1886 secundus
436 1825 539 1886 modus
556 1864 565 1894 ,
595 1844 653 1904 quo
669 1826 736 1886 olea
753 1827 890 1888 metallica
912 1839 915 1850 ⁴

27 1907 119 1972 sunu
137 1904 234 1962 omnia
258 1906 334 1964 enim
358 1903 421 1963 olea
438 1904 616 1964 metallorum
633 1904 704 1967 fiunt
719 1905 833 1983 quando
856 1904 890 1964 ab
952 1940 968 1964 r

27 1979 122 2042 acido
139 1979 238 2042 inrimd
254 1995 433 2060 penetrantur
447 1987 773 2062 eoqueimpraegnantur.

75 2062 102 2126 §-
119 2076 148 2138 3·
175 2061 343 2140 Lithargyrii
361 2063 478 2120 'acetum
501 2062 610 2138 egregie
635 2063 742 2139 liquida
757 2061 890 2121 animalia

27 2138 185 2215 coagulare
198 2141 296 2216 potest.
312 2140 459 2200 Laudatur
475 2141 638 2200 extrinsecus
650 2139 892 2220 adinhammatio·

27 2236 82 2281 nes
101 2217 235 2296 malignas
250 2223 280 2280 δι
294 2220 385 2280 ulcera
403 2217 560 2278 vetustiora.
586 2218 665 2294 Cutis
683 2235 718 2278 eo
733 2221 822 2280 lavata
832 2235 893 2294 gra·

27 2297 169 2361 tissimum
184 2299 339 2359 candorem
365 2295 467 2374 accipit
483 2339 492 2368 ,
519 2296 565 2357 sed
579 2299 617 2357 eil
633 2297 789 2364 admodum
808 2297 889 2362 noci-

27 2395 85 2442 vus
102 2377 200 2438 sucus:
224 2377 323 2440 sensim
340 2379 420 2438 enim
442 2375 556 2438 morbos
572 2375 748 2456 pulmonicos
763 2375 892 2454 &ipsam

27 2463 131 2520 tabem
149 2457 278 2517 inducit:
307 2457 354 2520 sex
369 2455 415 2514 vel
434 2453 539 2532 septem
555 2456 661 2516 nobiles
676 2457 788 2532 puellas,
811 2457 895 2534 huJus

27 2536 91 2600 suci
107 2534 167 2602 usu,
177 2549 300 2596 mortuas
315 2536 394 2602 novi.
435 2534 547 2596 Omnes
562 2553 633 2596 vero
649 2538 687 2597 illi
698 2537 786 2597 miseri
800 2536 893 2597 homi·

27 2634 107 2683 nes,
123 2613 172 2690 qui
188 2615 222 2676 in,
236 2615 443 2691 operationibus
463 2614 571 2692 plumbi
585 2615 707 2676 multum
723 2616 823 2676 laboris
838 2616 894 2678 im·

27 2691 179 2773 pendunt,
199 2710 255 2752 non
271 2693 384 2768 longam
402 2696 490 2760 vitam
507 2695 626 2756 trahunt.
653 2699 687 2758 ln
704 2696 783 2754 omni
799 2693 894 2769 phleg-

27 2787 123 2836 mone
148 2769 360 2848 &erysipelate
384 2772 420 2832 est
445 2773 703 2851 frequenttffimum
734 2771 893 2832 remedium
975 2795 977 2800 ·

27 2850 192 2924 Chirurgis.
633 2901 636 2908 ,
668 2899 671 2907 ,
807 2893 810 2899 .

72 2935 100 2997 §.
116 2947 146 2999 4.
178 2923 206 2988 Si
220 2927 320 3006 aequali
328 2929 418 3006 eopiae
432 2929 491 2996 olei
501 2927 623 2988 rosarum
632 2926 754 2988 infusum
764 2927 810 2986 diu
820 2945 890 2986 con·

27 3004 186 3090 quassando
202 3009 378 3082 permiscarur
394 3051 404 3078 ,
431 3007 462 3067 tit
477 3007 609 3068 candidus
618 3008 762 3072 balsamus,
778 3007 895 3082 Ungen-

27 3106 95 3150 turn
114 3086 256 3146 Nurritum
274 3087 362 3146 didius
379 3129 388 3156 ,
414 3103 473 3164 quo
491 3087 599 3148 nullum
617 3087 759 3163 pulchrius
775 3085 891 3146 habetur
953 3125 956 3130 Δ

27 3165 281 3230 medicamentum
297 3165 332 3226 ad
348 3172 448 3226 omnes
461 3165 717 3242 inflammationes.¹

442 3341 505 3419 V3
620 3307 660 3346 ³¹
