2068 3676
283 189 367 259 IN
411 187 673 272 serore.
846 216 904 287 ¹77

35 293 96 355 ilem
113 297 213 374 Ignis,
234 293 290 355 sed
307 302 408 352 motus
421 308 471 368 per
486 285 627 352 'astionem
647 294 720 354 hanc
733 295 803 358 Solis
814 297 904 358 deter-

36 391 153 436 nmatur
167 379 198 436 in
212 375 318 435 radios
333 373 429 431 reelos
442 371 473 428 &
489 372 664 446 paralelos&
685 375 750 434 facit
772 395 807 434 ex
827 379 903 438 mille

33 451 100 512 'reeh
113 470 238 516 rantum
254 468 370 518 unam,
390 461 424 508 ut
438 447 524 508 docet
545 449 657 525 Optica.
677 451 754 511 stilla
767 455 839 516 attio
852 475 902 533 per

32 529 109 590 'ms
133 535 228 594 festas
252 549 323 591 non
343 527 394 598 fit,
414 545 561 605 nunquam
583 527 656 604 Ignis
674 530 831 606 colligitur,
855 537 902 598 sed
1004 555 1007 562 ’

32 609 161 686 th'persus
182 622 313 679 manet,
332 605 381 666 sed
394 605 510 666 simulac
531 595 579 666 Sol
592 619 693 666 movet
713 609 828 685 Ignem,
847 615 902 673 ori.
994 627 997 632 ¹

32 703 68 746 nr
89 692 172 768 Ignis
194 689 358 754 sensibilis,
379 703 446 744 nam
461 684 607 746 anteierat
620 687 694 745 nulla
708 705 769 762 pars
776 691 834 760 „in
847 691 902 768 qui

34 785 86 825 non
110 771 190 846 Ignis
208 768 337 846 aequalis
354 775 429 836 erat,
448 763 494 824 sed
508 765 578 824 intra
597 764 665 824 otto
685 767 794 828 minuta
816 772 902 830 oritur

36 845 103 919 Ignis
126 848 270 908 senfibilis
294 847 327 902 &
348 843 548 903 determinatur
568 843 604 903 ad
623 862 675 920 nos
696 864 713 904 a
734 847 806 907 Sole.
833 850 903 910 Hoc

38 927 114 983 multi
130 925 310 1002 Philosophi
325 934 479 997 negarunt,
499 925 530 982 &
547 924 696 983 voluenmt
707 923 785 986 illum
800 929 900 1005 Ignem

42 1019 60 1056 e
75 1004 134 1062 Sole
159 999 341 1071 emanasse,
358 1001 406 1061 sed
425 1001 522 1061 salsum
540 1001 597 1060 hoc
616 1001 670 1073 est,
690 1021 757 1064 nam
772 1007 810 1066 est
822 1008 900 1069 idem

49 1078 115 1152 Ignis
128 1083 220 1144 anteit
243 1098 339 1157 vagus
359 1081 389 1138 &
409 1079 554 1157 dispersus,
572 1099 649 1140 nunc
663 1083 692 1140 in
707 1082 798 1144 radios
809 1087 900 1147 retios

48 1160 147 1222 cuadau
163 1167 200 1222 &
215 1159 437 1220 determInatus.
456 1160 521 1220 hinc
534 1158 642 1220 nullum
654 1178 754 1238 corpus
770 1163 807 1223 est
818 1166 902 1226 lumi·

44 1238 153 1312 nolum,
174 1241 231 1300 sed
252 1239 302 1298 illa
322 1236 437 1296 reflexio
458 1238 530 1316 Ignis
548 1258 583 1298 ex
604 1239 764 1317 corporibus
784 1258 903 1306 vocatur

43 1314 102 1388 lur,
121 1334 293 1398 antequam
307 1316 355 1376 Sol
367 1315 505 1393 splendet,
525 1319 570 1379 vel
581 1319 655 1378 aliud
668 1319 753 1398 quid,
772 1324 902 1399 quodvi-

45 1412 99 1470 cem
120 1399 197 1466 Solis
221 1395 351 1474 supplet,
371 1407 403 1454 ut
420 1396 481 1456 sunt
500 1398 623 1457 candelae
645 1399 676 1455 δι
695 1397 808 1471 fimilia,
834 1419 902 1480 quae

48 1477 192 1536 materiam
219 1478 299 1553 Ignis
319 1488 425 1550 cogunt
444 1477 564 1536 uniri&
583 1475 612 1534 in
632 1475 716 1534 lineas
736 1478 827 1544 restas,
843 1482 901 1554 ire,
936 1475 967 1556 g

44 1551 101 1615 linc
114 1555 148 1617 fit
162 1559 269 1617 omnis
283 1551 379 1624 color,
399 1571 466 1614 nam
479 1554 569 1615 nullus
583 1553 661 1615 color
674 1553 712 1612 est
724 1556 902 1628 asol'emam

48 1630 95 1694 site
117 1636 171 1696 Sol
195 1633 353 1694 reflectitur
370 1651 420 1710 per
438 1633 538 1702 lineas,
557 1631 615 1691 five
634 1649 684 1707 per
696 1631 904 1711 aliudcorpus,
966 1701 969 1708 p

48 1723 138 1774 tamen
152 1715 255 1790 nulhus
271 1711 351 1772 color
363 1713 467 1781 oritur,
486 1711 537 1770 nifi
544 1711 617 1784 Ignis
630 1710 748 1783 agitetur
759 1729 806 1786 per
820 1715 905 1772 linear

47 1794 146 1864 restas,
168 1792 243 1852 hinc
268 1791 315 1850 Sol
335 1789 438 1848 coloris
460 1787 498 1846 est
521 1799 598 1865 pater
619 1785 649 1844 ὅ(
664 1785 742 1870 causa
753 1805 905 1864 generans,

48 1873 86 1930 tel
102 1890 216 1949 corpus
229 1867 345 1948 aliquod
360 1865 440 1945 quod
454 1866 523 1926 Solis
542 1865 634 1924 vicem
654 1865 740 1941 gerit;
760 1867 806 1928 sed
825 1869 904 1930 disse-

44 1953 130 2012 rentia
146 1951 255 2011 caloris
268 1950 340 2009 inter
352 1946 523 2006 nodumum
537 1945 621 2022 frigus
634 1946 665 2004 &
679 1943 810 2008 diumum
828 1951 904 2012 calo-

45 2044 102 2090 rem
116 2049 187 2091 non
204 2027 368 2106 producitur
380 2045 397 2086 a
412 2025 493 2094 Sole,
515 2024 564 2086 nili
577 2019 713 2163 ‹puatitum
726 2027 816 2088 radios
831 2031 904 2106 Ignis

47 2108 232 2188 colligendo,
254 2127 303 2167 eos
319 2104 581 2181 magissenhbilesre
601 2105 656 2174 dit,
676 2105 905 2182 quiaillosdeter-

48 2191 136 2250 mirrat
156 2190 193 2247 in
205 2187 293 2264 lineas
306 2185 393 2246 rectas
406 2185 549 2262 panichis,
568 2181 696 2261 adeoque
718 2187 810 2244 omnis
828 2188 904 2254 calor

1 2281 2 2359 p
49 2284 106 2328 non
119 2267 163 2328 est
179 2284 197 2326 a
219 2265 303 2335 Sole,
324 2261 375 2323 nifi
393 2277 528 2343 quatenus
541 2260 672 2332 refleeiit,
691 2264 765 2324 unde
777 2265 906 2329 thermo.

48 2345 141 2424 scopia
159 2344 309 2422 paululum
323 2341 416 2408 dezdie
428 2342 556 2404 calidiora
567 2339 629 2399 sunt
641 2345 837 2419 quamnostu,
856 2346 903 2410 sed
1005 2373 1011 2386 ·

1 2415 4 2512 j
48 2421 517 2498 erolirradiatint'hermoscopia,
535 2433 597 2480 tuna
605 2423 904 2498 magnuscalororittu,

2 2515 3 2556 l
47 2523 108 2564 non
120 2503 194 2583 quia
208 2514 323 2578 augetur
337 2501 410 2576 Ignis
422 2520 438 2560 a
451 2501 533 2570 Sole,
552 2497 597 2558 sed
603 2499 668 2577 quia
675 2499 871 2564 determinatur
886 2525 916 2567 a·

1 2594 3 2698 p
47 2585 115 2644 Sole
130 2579 231 2642 versus
243 2581 298 2640 tale
317 2597 431 2656 corpus;
453 2597 525 2638 cum,
533 2596 608 2638 nunc
621 2577 670 2638 Sol
683 2579 720 2638 est
732 2580 810 2658 supra
823 2583 903 2644 'hori-

47 2677 199 2731 zontem,
228 2675 328 2718 omnes
349 2658 438 2718 radios
456 2659 534 2736 supra
552 2657 731 2718 horizontem
752 2674 833 2720 antea
853 2681 914 2722 vae
944 2736 948 2739 Ι

46 2761 120 2820 gos,
142 2756 224 2800 nunc
243 2736 409 2799 determinat
427 2737 463 2797 ad
480 2737 596 2808 focum,
615 2737 668 2797 hac
688 2737 795 2798 ratione
814 2757 862 2816 per
873 2741 905 2799 li-

1 2754 3 2896 i
47 2840 118 2881 neas
133 2819 227 2880 rectae
241 2816 348 2892 semper
361 2813 430 2874 fiunt
444 2815 686 2876 determinationes
701 2818 731 2874 &
746 2819 905 2877 communi-

49 2901 184 2962 cationes
206 2896 329 2964 calorie„
348 2895 470 2966 coloris,
495 2894 623 2964 luminis,
647 2895 723 2954 lucis.
742 2893 803 2953 sie:
818 2911 845 2968 g:
860 2895 906 2954 hic

51 2980 153 3057 aliquis
175 2973 252 3052 Ignis
270 2973 345 3032 lucet
363 2973 393 3031 in
410 2973 476 3034 loco
497 2972 686 3042 tenebricoso,
706 2971 864 3046 &ponitur
876 2974 907 3036 in

1 3071 3 3164 p
52 3057 148 3138 ahquai
169 3050 297 3115 distantii
316 3051 569 3128 thermoscopiums
596 3053 716 3112 &inter
736 3051 908 3113 thermosco-

54 3139 132 3216 pium
161 3137 196 3196 δε
220 3133 322 3208 Ignem
342 3132 454 3205 ponitur
471 3129 563 3192 tabula
582 3131 686 3199 ferrea,
703 3141 766 3186 tum
781 3127 916 3193 thermo.
983 3129 987 3137 ’

1 3225 3 3257 l
53 3217 185 3297 scopium
199 3211 236 3276 ab
250 3209 320 3287 Igne
338 3209 397 3270 fere
417 3228 478 3272 non
485 3209 664 3348 lpirutabitur.
683 3202 733 3284 nid
746 3205 819 3270 calor
834 3223 912 3345 tesan«

1 3315 2 3320 ¹
445 3311 451 3317 ·
864 3294 911 3348 eat
