2048 3638
266 145 628 206 curura.
812 153 871 234 Μ

110 285 463 406 euecussus
498 297 806 412 oneratus,

274 441 605 524 sternimus.

27 587 146 673 Salis
162 585 324 668 Marini
343 579 574 692 Destillario
602 580 879 692 inspiritum,

84 689 827 891 mmm,ssffssffimssffm
952 725 956 732 ·

27 971 64 1035 §-
77 985 110 1028 r.
187 966 265 1043 ccipe
280 966 336 1027 salis
353 966 469 1035 marini,
484 968 529 1027 vel
542 965 732 1044 salisgemmae.
745 966 818 1029 bene
829 968 883 1028 de-

188 1048 314 1122 crepitati
328 1046 407 1106 libras
423 1045 490 1108 duas
506 1089 515 1115 ,
541 1047 681 1124 redigatur
694 1049 722 1108 sn
737 1048 882 1126 pulverem
911 1084 914 1090 ,
939 1092 943 1104 .

187 1126 360 1197 tenuem‚cui
372 1124 502 1194 admisce,
510 1127 538 1187 in
547 1125 605 1188 lato
614 1128 686 1198 vase,
695 1124 752 1188 boli
758 1127 830 1188 rubri
837 1127 885 1187 tri·

31 1207 116 1286 plum
126 1201 273 1274 ,accurate
287 1205 403 1266 terendo
419 1209 536 1276 omnia,
556 1218 620 1267 tum
635 1208 765 1268 indantur
778 1205 835 1267 rafi
851 1202 884 1267 fi·

32 1285 135 1363 gulino
150 1283 209 1344 sere
225 1283 376 1363 cylindrico
394 1324 403 1353 ,
421 1286 459 1344 ita
475 1297 572 1344 tamen
585 1298 618 1343 ut
626 1287 695 1344 ultra
702 1285 884 1360 medietatem

28 1383 94 1425 non
109 1360 142 1422 srt
155 1363 286 1440 plenum:
314 1362 550 1448 accommodetur
563 1374 631 1419 ωηο
644 1363 726 1456 hujus
741 1361 815 1422 vafit'
824 1364 878 1435 ori,

30 1462 86 1522 per
99 1441 252 1507 misturam,
262 1460 297 1500 ex
305 1437 513 1511 subaurargull
526 1441 692 1516 cummulta
706 1438 797 1510 areni,
807 1439 883 1512 (abas

33 1520 130 1598 argilla
147 1519 184 1578 est
200 1519 283 1577 nimis
305 1517 442 1594 pinguis)
460 1513 635 1590 segmentum
661 1517 735 1578 aliud
758 1517 886 1595 cylindri·
951 1563 953 1568 .

32 1618 106 1661 cum
121 1596 288 1670 sigulinumt
314 1591 547 1654 accommodetur
568 1605 636 1654 tunc
650 1595 765 1668 hocvas
779 1597 883 1668 furno,
951 1627 956 1634 ·

36 1677 199 1755 applicetur
217 1674 353 1749 recipiens
373 1673 495 1732 vitreum
517 1671 891 1748 capaciffimum,s1cdiffe·

34 1759 139 1822 ἂηηη,
164 1763 194 1812 ut
208 1749 352 1828 segmento
366 1749 579 1812 accommodari
593 1753 691 1830 possit,
714 1752 888 1829 conglutine-

32 1851 84 1898 tur
100 1832 221 1892 vitreum
236 1847 284 1890 vas
298 1830 364 1890 huic
379 1830 524 1906 segmento
540 1847 596 1908 ope
604 1831 727 1909 ejusdem
741 1832 799 1892 luti.
816 1833 886 1893 Hoc

33 1911 129 1980 facto,
140 1907 277 1970 leniffimo
283 1907 347 1986 igne
362 1907 457 1988 primb
471 1908 591 1986 tepescat
606 1927 654 1971 vas
671 1950 681 1975 ,
705 1911 753 1971 ubi
765 1930 815 1989 per
829 1913 886 1973 ho·

10 2019 15 2026 ·
34 2009 103 2055 ram
120 1988 290 2065 tepefactum
304 1991 412 2056 suerit,
438 2000 570 2064 augeatur
593 1991 664 2068 ignis
687 2003 719 2052 ut
742 1991 883 2060 calescat,

14 2109 18 2116 -
37 2086 112 2134 tunc
125 2079 257 2144 augeatur
271 2070 373 2128 iterum
383 2067 454 2144 ignis
470 2077 502 2126 ut
517 2069 605 2146 magia
620 2069 753 2138 calescat,
772 2071 803 2130 bc
818 2079 886 2130 tunc

35 2145 233 2228 deprehendes
247 2145 358 2224 prodire
372 2149 467 2208 fumos
480 2147 614 2223 aquosos:
640 2147 686 2209 ille
701 2149 771 2226 ignis
785 2147 885 2226 gradus

34 2231 180 2297 servetur,
200 2225 292 2288 donec
306 2226 417 2286 nebulae
433 2241 492 2298 ηοηΙ
509 2225 627 2304 amplius
641 2239 816 2306 appareant,
839 2228 887 2305 sed

38 2323 111 2370 tunc
121 2303 458 2374 vasacandescant,auu0
474 2321 578 2382 nempe
592 2305 631 2366 eb
637 2305 722 2388 usque
730 2308 794 2384 igne
802 2329 811 2382 ς
821 2319 889 2369 tunc

36 2382 887 2462 orienuusumialbi,sicutinnitrooriunturfumirubriloslar

40 2467 143 2528 rubinl.
167 2466 345 2528 continuetur
359 2464 405 2526 ille
419 2463 543 2524 summus
558 2465 630 2542 ignis
643 2484 691 2544 per
704 2465 772 2528 ocio
785 2467 886 2541 horas,

38 2562 110 2608 tunc
124 2545 259 2622 recipiens
280 2542 378 2606 sensrm
399 2541 513 2620 incipiet
536 2543 690 2618 clarescere,
704 2547 785 2610 omni
801 2551 886 2612 sumo
985 2551 988 2556 '

29 2665 30 2670 κ
45 2624 202 2692 desinente,
215 2625 299 2700 (nitri
316 2637 412 2684 autem
430 2623 647 2704 fumiperssantl
662 2625 806 2702 frigescant
818 2639 892 2688 tunc

40 2705 141 2782 sponte
155 2700 201 2762 suat
213 2703 328 2774 omnia,
345 2701 438 2764 donec
451 2699 488 2764 ad
496 2703 619 2766 calorem
636 2703 887 2782 moderatumpeo
970 2697 972 2703 ’
1015 2733 1018 2740 ·

20 2782 195 2850 -venerint,
223 2782 393 2858 applicentur
404 2794 471 2844 tunc
485 2783 568 2858 parmi
584 2771 698 2851 madidi,
705 2794 737 2840 ut
750 2781 841 2844 luturn
858 2801 889 2842 e·

21 2859 205 2926 mollescat,
224 2859 388 2920 subducatur
400 2861 552 2939 recipiens,
570 2861 600 2920 δι
616 2858 772 2938 effirndatur
784 2860 890 2938 spiritus

24 2998 27 3007 ,
43 2943 75 3002 in
91 2957 139 3000 var
151 2939 283 3014 longum,
298 2937 360 2997 ceri
373 2938 569 3000 obturandum.
584 2937 612 2997 Si
626 2939 753 3015 operatio
759 2938 832 3000 berre
846 2942 902 3000 inf

22 3020 135 3082 -slituta
147 3018 235 3078 suerit
250 3061 260 3090 ,
285 3017 429 3078 habebitur
443 3018 605 3096 plusquam
630 3013 765 3080 medietas
787 3016 893 3096 spiritur

42 3097 171 3175 respectu
186 3099 313 3160 materiae
328 3113 363 3174 ap
382 3096 485 3159 licatae.
515 3107 748 3176 caputmortuum
764 3096 896 3162 verovix

29 3179 130 3266 silum
146 3175 274 3254 saporem
289 3115 409 3261 babebit
469 3239 487 3316 3
832 3263 848 3340 ἱ

509 3271 525 3335 5
851 3271 903 3338 [ι’.
