2158 3676
728 181 743 213 A

173 227 233 296 228
419 221 470 318 'D
491 224 518 292 E
562 225 593 291 A
615 225 650 309 Q
670 223 706 291 U
729 224 762 290 A

173 329 252 392 quod
266 327 286 388 si
300 328 414 406 Aquam
430 347 527 404 puram
543 327 599 388 vasi
610 329 737 389 chemico
751 327 872 388 infundis
887 326 918 386 &
931 329 1028 394 destil-

173 394 308 468 lationem
324 407 395 483 saepe
409 407 523 483 repetis,
543 407 649 486 semper
668 409 697 465 in
718 403 884 485 uniquique
905 403 1028 471 destilla-

173 484 612 553 tionefundusvafisobfuscatur,
634 484 1026 565 siiterumaffimdiaAquam,

176 565 277 626 iterum
297 561 431 624 nubecula
453 575 593 634 remanet,
609 563 655 624 sed
675 583 711 624 an
724 563 780 622 hoc
793 563 887 624 fiatad
900 573 919 638 g
931 579 1027 642 partes

153 641 158 648 '
176 643 205 702 id
219 643 256 702 est
268 661 302 701 eir
315 641 395 702 u‘iicii
411 640 465 700 uni
481 641 618 702 drachmae
632 643 694 715 seii,
715 641 768 700 dici
779 643 951 718 nonpotell,
972 645 1025 703 de-

177 721 275 781 bemus
294 722 368 782 enim
385 720 539 780 admodum
557 722 629 780 cauti
646 721 692 781 hic
713 717 786 790 elle,
802 723 867 798 quia
884 722 1025 784 nescimus

155 866 157 872 ,
178 817 283 860 annon
296 801 368 860 forte
381 799 675 876 parteslieterogeneae
695 797 817 858 admistae
837 801 952 871 fuerint,
970 801 1022 862 sed

159 943 163 952 ,
178 879 293 956 Aquam
307 896 403 955 puram
418 876 574 938 destinatam
590 877 696 956 semper
710 875 824 946 crustam
832 878 946 938 retinere
952 877 1022 940 scio.

137 971 162 1000 =‘
219 977 246 1032 7.
265 957 348 1034 Aqua
370 957 432 1016 haec
453 957 545 1016 unitur
565 957 723 1033 corporibus
737 955 888 1042 plerisque,
909 959 939 1016 δε
953 955 1022 1020 inde

161 1101 164 1110 ¹
179 1036 259 1094 facile
273 1035 372 1096 iterum
386 1035 526 1104 educitur,
544 1034 651 1095 lentore
666 1035 716 1095 suo
729 1033 775 1093 viii
789 1035 911 1094 cohaeret
917 1053 1023 1112 corpo-

178 1113 268 1184 ribus,
287 1113 415 1174 viii'facit
428 1131 552 1192 unquam
567 1113 638 1182 strias
653 1115 680 1173 in
694 1111 766 1172 uitro
775 1129 844 1184 ,nec
860 1112 970 1172 ducitur
985 1115 1019 1174 in

179 1189 269 1262 strias,
288 1191 333 1252 sed
348 1188 426 1251 facili
438 1190 560 1251 adhaeret
573 1193 603 1250 δι
617 1193 696 1252 facile
704 1193 803 1251 iterum
811 1191 946 1261 aufertur,
964 1209 1025 1252 nec

179 1271 263 1348 Aqua
278 1283 312 1330 ex
321 1271 377 1330 alto
386 1267 506 1329 decidua
519 1271 548 1330 in
562 1287 659 1348 corpus
673 1271 810 1330 clasticum
818 1269 875 1328 coit
888 1269 915 1327 in
928 1283 1022 1346 guttas

178 1361 210 1408 ut
228 1349 340 1420 oleum,
359 1347 405 1408 sed
416 1347 523 1426 semper
537 1347 631 1410 dellilit
646 1347 848 1410 &diffunditur
861 1347 974 1426 ubique.

161 1495 164 1502 ¹
220 1427 246 1486 8.
265 1428 349 1505 Aqua
362 1439 457 1500 terrae,
477 1425 521 1486 vel
536 1427 669 1487 cineribus
676 1427 752 1486 milla
766 1425 842 1496 silit,
852 1425 931 1486 datur
944 1427 1022 1490 sum·

179 1523 227 1564 ma
246 1505 333 1566 linitas
353 1505 407 1576 illi,
425 1503 445 1562 si
463 1504 546 1565 habes
561 1506 664 1565 cineres
677 1507 855 1574 animalium,
880 1506 910 1565 &
923 1505 1024 1582 subigis

157 1648 160 1652 ,
179 1577 254 1643 lente
267 1583 350 1663 Aqui
364 1581 446 1661 puri,
459 1583 493 1675 fin
503 1583 593 1674 pasta,
612 1585 674 1675 haec
681 1583 806 1673 destillare
813 1585 889 1642 lento
909 1583 1022 1674 iguei'it

180 1659 1022 1830 filicissimis?lilnlnlllssssrsslsi:

180 1821 247 1878 facit
259 1833 290 1878 ut
304 1821 402 1888 noslrae
415 1821 516 1880 domus
530 1819 615 1889 slent,
632 1838 697 1880 nain
714 1819 808 1879 omnia
820 1816 863 1876 illa
877 1819 1022 1880 cohaerent

178 1913 227 1971 per
238 1897 369 1973 Aquam,
389 1896 410 1972 fi
423 1897 537 1974 Aquam
551 1897 622 1956 tollis
636 1916 670 1956 ex
684 1899 776 1975 ligne,
795 1895 851 1957 abit
859 1894 888 1956 iri
901 1898 1018 1968 cinerem

180 1971 325 2050 siAquam
343 1973 413 2033 tollis
427 1991 461 2032 eii
473 1973 597 2034 lateribus
620 1975 712 2035 evadit
732 1976 819 2053 pulvis
840 1975 1021 2049 calcinabilis,

180 2047 245 2110 irinc
258 2063 316 2111 tam
329 2050 451 2114 mirifice
465 2054 655 2113 concretiones
668 2053 738 2113 fiunt
751 2073 785 2114 eir
799 2051 898 2130 Aqui,
918 2061 1019 2143 utpar·

161 2143 220 2212 jtos
231 2129 360 2206 separatae
375 2135 477 2190 coe'ant
497 2131 605 2209 penitus
627 2133 655 2191 iii
675 2151 773 2210 corpus
791 2134 1019 2208 homogeneum;

118 2271 121 2276 ,
179 2207 217 2266 fic
234 2206 348 2268 sihabes
362 2209 481 2286 argillam
498 2211 526 2268 in
540 2209 603 2280 Sole
623 2211 801 2282 exsiccatam,
820 2210 901 2270 haber
921 2211 1022 2348 pulve-

162 2291 256 2354 rem,
276 2285 351 2348 hunc
364 2291 507 2366 pulverem
521 2305 585 2348 curri
599 2287 681 2368 Aqui
695 2291 777 2350 misce
785 2299 796 2360 ,¹
814 2290 917 2350 maxim
950 2309 1022 2350 coii-

162 2364 343 2440 glutinatur,
363 2369 528 2427 tum-forma
542 2369 569 2426 iri
596 2367 1022 2447 uemcumquemodum,'&eir-
1060 2367 1061 2378 ¹

179 2440 248 2500 sicca
261 2443 338 2518 lento
352 2430 482 2520 igne,iel
496 2446 531 2507 ad
546 2383 639 2506 Solem
647 2490 657 2519 ,
676 2461 743 2508 tunc
750 2465 824 2523 pone
831 2447 859 2504 in
866 2447 980 2506 fornace
988 2448 1023 2507 fi-

162 2541 167 2548 ·
175 2521 288 2596 gosino,
310 2525 341 2582 &
353 2525 416 2601 igne
431 2523 628 2598 violentissimo
640 2541 727 2602 urge,
747 2525 778 2586 fit
785 2526 852 2602 lapis
865 2526 910 2584 vel
925 2541 974 2586 vas
988 2528 1023 2587 fi-

162 2615 168 2626 ·
176 2599 317 2679 gulinum:
339 2602 453 2679 simplex
466 2603 549 2680 Aqua
563 2604 609 2662 hic
620 2605 786 2680 glutinescit,
805 2621 870 2678 nain
884 2603 941 2664 hoc
954 2605 1023 2666 oleo
1059 2647 1060 2652 κ

176 2695 236 2736 non
250 2677 296 2747 fit;
317 2680 401 2760 Aqua
417 2697 482 2756 ergo
495 2681 579 2758 longe
591 2683 664 2743 aliud
677 2683 743 2762 quid
758 2681 795 2742 est
804 2682 957 2760 acquidem
966 2702 1023 2762 pu·

163 2769 305 2816 ·taremus.

211 2854 238 2911 9.
258 2836 580 2916 Aquaquaquaversum
595 2851 673 2900 mota
688 2841 718 2900 &
737 2836 822 2918 presb
836 2837 914 2900 nullo
929 2841 1021 2902 modo
1042 2858 1047 2873 f

176 2911 214 2972 est
234 2913 354 2985 clastica,
374 2930 440 2979 nam
460 2918 542 2995 Aqua
562 2936 629 2994 pura
648 2915 733 2996 prelia
746 2917 861 2977 millenis
873 2917 945 2978 libris
960 2938 1020 2979 non

159 2991 201 3074 ‘in
215 2994 305 3066 minus
319 2992 434 3069 spatium
465 2997 549 3074 redigi
570 2997 677 3072 potuit,
699 2997 743 3057 sed
764 2995 856 3056 resiliit
872 2995 901 3054 iii
926 2997 1020 3058 inlini·

160 3081 252 3154 ⁴turri,
273 3073 303 3130 &
323 3073 414 3147 potius
429 3075 536 3150 franget
556 3076 671 3142 omnia,
691 3091 775 3154 quam
798 3069 1020 3137 condensaretui.

159 3146 265 3222 ·Hujus
280 3151 498 3228 experimentum
514 3153 742 3228 elegantissimum
752 3149 1018 3228 fecitruagnusDux

160 3223 328 3298 *Hetrurim
341 3229 418 3306 'juffit
433 3229 534 3291 confici
547 3231 663 3308 globum
678 3227 781 3294 carum
798 3249 833 3292 eii
850 3247 1020 3324 auro'puio,

158 3323 162 3332 ’
297 3326 301 3332 ·
330 3325 334 3334 ·
654 3335 664 3343 ·
829 3338 835 3350 ·
859 3332 863 3342 ·
964 3329 1021 3374 iiii·
