2092 3654
144 168 209 240 160
266 151 825 232 osrnor'osrro.
901 116 905 143 ³
1036 235 1037 244 Ν

142 255 368 325 fermentatioest
380 280 490 330 merum
508 263 675 341 productum
690 262 841 340 Chemiae.)
868 274 904 326 ut
926 263 1037 330 inde

144 341 193 406 fiat
204 343 296 422 liquor
311 344 360 422 qui
375 339 473 406 dicitur
483 343 608 413 Vinum,
628 342 706 420 quod
719 342 817 404 vinum
830 343 907 402 hanc
929 361 1023 419 pro-

143 423 290 506 prietatem
308 439 358 499 per
371 423 614 492 fermentationem
630 422 760 499 acquirit,
780 434 812 480 ut
824 421 1020 503 qualecum-
1037 457 1038 514 p

142 500 248 586 quefit,
255 501 312 576 igni
323 501 353 559 in
360 500 422 560 vase
429 501 566 566 Chemico
574 499 897 576 expofitum,adscendat
904 518 1018 577 quarn
1037 549 1038 560 ,

63 614 66 622 ’
139 577 922 718 n

753 717 755 724 ,
942 677 1012 718 uo-

143 678 271 815 cumqug
285 701 604 818 vegetabili’pararetibi
622 675 719 812 ρξῐὲε,
739 737 768 796 &
786 735 894 812 semper
907 675 1010 794 hqabe-
1038 757 1039 812 ξ

142 815 184 874 bis
191 817 261 875 vires
272 813 480 886 ¹calefacientem
502 831 537 872 ex
550 813 644 890 Pyris,
658 815 770 884 Pornis,
783 813 898 874 Ribesris
907 815 1007 884 ,Pru·
1038 823 1039 828 ’

142 893 202 965 nis,
244 894 251 910 ’“
281 891 320 954 dis
339 891 550 967 vegetabilibus,
571 911 618 977 per
637 894 722 960 solam
742 890 1002 958 fermentationem

144 971 210 1031 rina
266 971 409 1030 efacientia
428 970 638 1048 producuntur,
657 973 721 1032 hinc
735 987 783 1048 per
796 984 882 1038 artem
889 989 1001 1050 quam·
1039 998 1040 1016 1

136 1050 209 1112 libet
221 1049 352 1128 quaelibet
364 1049 441 1128 regio
455 1062 528 1126 parat
549 1047 596 1107 fibi
610 1048 770 1112 vinumssrc
776 1049 916 1110 Britannia
932 1069 1003 1122 non

145 1130 266 1188 multum
281 1128 373 1187 fertilis
387 1127 422 1186 ad
434 1145 502 1186 uvas
515 1128 687 1194 maturandis
695 1145 730 1188 ex
743 1130 998 1200 frumentisfflru·

145 1208 233 1274 &ibus
246 1205 482 1283 horaeislibiparat
499 1206 596 1265 vinum
609 1207 683 1274 unde
697 1223 813 1286 quoque
830 1207 944 1284 Spiritus
952 1209 1001 1270 vi·
1040 1283 1041 1286 Ἴ

145 1287 176 1346 ni
196 1286 295 1362 optimi
314 1285 493 1354 educuntur,
518 1286 567 1368 qui
588 1287 664 1346 nrdlo
686 1281 775 1352 modo
796 1285 929 1346 differunt
957 1289 996 1348 ab
1040 1309 1041 1316 ¹

145 1365 213 1435 illis,
232 1366 281 1442 qui
300 1382 336 1422 ex
355 1365 467 1449 optimis
479 1363 560 1421 vinis
582 1363 734 1441 Hispanicis
749 1365 779 1423 ὃ(
799 1365 909 1424 Gallicis
939 1366 997 1426 de·

145 1445 294 1521 fallantur,
313 1460 380 1502 nam
400 1443 430 1502 in
448 1442 498 1514 illis
510 1441 557 1500 vix
571 1441 722 1502 differentia
741 1457 900 1520 appareres
916 1463 995 1523 quo·

146 1541 270 1600 cumque
285 1523 367 1582 suerit
379 1519 543 1599 vegetabili,
563 1521 601 1581 nil
613 1524 713 1592 refert,
732 1521 838 1598 semper
851 1523 907 1582 fere
913 1523 994 1586 idem
1041 1545 1042 1578 1

131 1600 398 1680 ’spirituseducitur,
417 1619 454 1659 ne
474 1601 729 1679 Graminequidem
738 1613 872 1676 excepto,
888 1619 995 1682 quam-

147 1681 189 1742 vis
206 1680 363 1744 admodum
385 1695 484 1758 parum
495 1679 599 1754 spiritis
618 1681 676 1738 vini
696 1679 761 1750 det,
781 1680 843 1738 haec
855 1679 918 1740 rina
939 1679 994 1742 de-

145 1778 260 1840 purare,
279 1771 459 1830 convertere,
479 1758 911 1831 fermentare,sernpentarionem
923 1778 994 1827 eve»

145 1841 234 1908 here,
252 1839 436 1916 supprimere,
455 1851 563 1895 mutare
582 1838 636 1896 fola
651 1837 769 1907 Chemia
783 1853 834 1895 nos
854 1836 945 1898 docet.

186 1915 364 1984 Undecimo:
383 1917 445 1974 Ars
455 1905 653 1996 cer-artissume,
661 1916 698 1982 est
710 1924 768 1982 tam
781 1916 902 1992 perfede
915 1917 995 1984 Che-
1042 1941 1043 1948 ¹

149 1997 247 2067 mica,
265 2008 298 2054 ut
311 1995 345 2054 ab
357 1993 428 2064 Iside
440 1995 471 2051 ὃ(
491 1995 610 2071 Ol'yrde
625 1995 659 2052 ab
678 1995 809 2052 Homero
829 1994 938 2056 inventa
960 1999 994 2064 ὃς

147 2074 304 2134 introduda
319 2074 440 2145 dcent,
458 2071 505 2132 sed
523 2075 553 2140 hi
573 2073 685 2142 fuerunt
696 2072 753 2132 duo
768 2072 904 2134 Austores
917 2073 992 2138 cese·

146 2153 257 2212 berrimi
277 2152 413 2212 Chemiae.

187 2233 232 2290 Sic
244 2231 365 2291 vidimus
383 2229 564 2296 Mechanicos
582 2229 642 2292 usus
661 2230 723 2288 artis
745 2228 880 2299 Chemiae.
917 2229 992 2302 Sane

147 2309 210 2370 finis
223 2328 282 2370 non
296 2308 378 2387 esset,
391 2309 412 2370 fi
427 2310 522 2378 onmia
537 2325 731 2378 memorarem.
760 2307 896 2378 Sufficiant
908 2308 990 2381 lraec,

148 2407 215 2468 quae
229 2390 305 2448 enim
318 2390 355 2450 de
366 2390 488 2465 aemgine
495 2387 547 2460 ,de
559 2387 832 2464 albumineplumbi,
852 2385 886 2445 de
899 2387 992 2464 plum-

147 2469 271 2544 bagine,
290 2469 326 2529 de
341 2469 458 2527 cinabari
472 2467 550 2536 &de
570 2465 698 2536 similibus
712 2467 847 2525 coloribus
861 2466 989 2541 optimis,

148 2547 333 2626 producendis
346 2547 376 2604 δε
389 2545 501 2606 infinitis
509 2545 563 2604 aliis
571 2545 671 2623 aliquid
679 2546 744 2604 scire
753 2544 914 2622 &detegere
926 2549 991 2612 vult

70 2625 76 2631 “
148 2627 252 2704 'absque
271 2621 390 2689 Chemiri
408 2623 466 2683 ferd
492 2625 557 2683 nshsl
576 2623 688 2702 potest,
715 2626 745 2683 &
764 2623 847 2682 credo
873 2623 945 2702 quod
968 2627 990 2692 fi

8 2785 14 2794 .
49 2769 53 2775 ,
150 2705 278 2765 Chenrici
288 2705 429 2764 fetantum
441 2704 623 2780 applicarent,
638 2703 753 2780 quisque
764 2716 873 2760 tantum
888 2703 932 2774 uni
945 2722 992 2770 ar·

148 2785 171 2844 ti
184 2785 354 2860 cuicumque
368 2825 378 2852 ‚
398 2782 474 2841 brevi
487 2781 602 2842 artifices
621 2781 745 2841 summos
765 2782 888 2850 futrrros,
908 2780 989 2849 idest

121 2895 130 2920 s
148 2864 223 2924 illam
237 2880 321 2940 quam
336 2861 433 2920 colunt
446 2874 533 2920 artem
547 2861 582 2920 ad
597 2860 737 2920 summum
752 2856 922 2918 dedufiuros.

189 2945 312 3018 Quartus
319 2941 389 2999 Usus
396 2941 569 3012 Chemiaeest
577 2937 793 3015 Alcbemisticus2
815 2938 849 2996 de
863 2940 915 2996 hoc
921 2941 988 3016 pailr

153 3039 186 3080 ca
198 3021 289 3080 dicere
302 3019 465 3090 debui,non
473 3020 537 3078 dico
550 3019 695 3096 quodhaec
710 3033 751 3074 ars
764 3035 830 3076 vera
843 3017 875 3075 stt
887 3060 895 3086 ,
908 3017 987 3080 didici

151 3099 228 3158 enim
241 3099 387 3174 permulta
401 3100 588 3174 experimenta
602 3109 708 3156 naturae
722 3095 840 3166 limites,
855 3097 987 3156 extensio-
1042 3149 1043 3154 ,

83 3251 85 3262 Ι
150 3194 200 3249 nes
214 3178 245 3238 &
255 3179 382 3264 pomeria
394 3177 567 3252 determinari
580 3191 639 3238 non
652 3171 745 3259 polle;
765 3173 826 3236 sane
841 3188 985 3315 am'effi

207 3279 209 3282 .
536 3271 540 3280 .
634 3271 660 3298 Ι,
781 3271 787 3280 .
942 3269 986 3314 0-
