2120 3640
287 117 314 176 'c
350 115 382 178 ii
417 121 442 174 ε
482 123 516 173 M
555 121 572 173 r
605 113 651 174 iz.
838 121 899 198 329]

112 261 474 352 rnocnssus
532 264 834 344 nunnius.
949 269 954 284 ¹

52 453 216 530 Mercurii
236 456 270 525 in
297 426 410 546 Aqui?
420 450 511 520 Furti
535 445 636 534 stilari
671 449 892 540 Praecr‘pitaiie

99 554 195 647 alba,
213 557 272 645 seu
296 551 478 623 Memmius
497 548 717 641 precipitatur
740 550 841 620 uibus.

53 732 81 798 §.
104 745 129 789 r.
136 725 306 856 SOlutioni
325 723 458 784 Mercurii
471 699 627 780 affundetur
638 739 718 806 aquae
732 725 832 798 pirviae
845 728 892 788 rri.

183 805 275 882 pium,
295 802 343 862 fier
363 800 482 876 perfecti
501 799 599 882 dilutio
622 799 719 874 abique
739 805 892 876 praeupita·

187 883 285 949 tione,
299 881 343 938 vel
357 877 457 937 coloris
471 877 683 952 perturbatione.
704 877 778 936 Huic
794 881 892 940 deiide

50 957 161 1038 liquido
174 957 264 1016 soluto
275 955 368 1016 instilla
381 956 501 1014 muriam
515 954 571 1012 salia
584 956 790 1012 mariniiortem
800 959 892 1023 ,orie-

48 1050 98 1096 aur
111 1035 294 1110 praecipitatio
307 1030 423 1108 pulveris
437 1032 489 1090 albi
503 1030 537 1088 ad
550 1030 687 1090 fundum:
706 1033 892 1108 pergaturdo-

50 1124 109 1174 nec
124 1115 196 1172 nulia
210 1109 326 1184 amplius
341 1109 508 1188 perturbatio
521 1106 591 1174 fiat,
610 1108 698 1183 puivis
711 1111 843 1170 candidus
862 1111 891 1172 in

50 1189 144 1250 fundo
156 1190 262 1248 baerena
275 1187 397 1246 abluatur
409 1187 480 1266 aqui
491 1183 584 1262 tepidi
595 1200 653 1245 tam
668 1187 730 1250 diu.
744 1188 836 1244 donec
850 1189 896 1256 in·,

50 1267 90 1326 de
105 1269 211 1342 penitus
225 1263 337 1342 infipida
350 1265 474 1336 redierit,
493 1263 640 1324 exliccatus
653 1265 740 1338 pulvis
756 1264 893 1337 eritMerff

51 1345 145 1404 curius
166 1341 347 1421 praecipitatus
370 1342 454 1402 albus.
601 1348 603 1358 ’
887 1359 890 1368 “

92 1420 117 1484 §.
140 1436 165 1478 a.
187 1420 264 1484 Hinc
277 1414 475 1494 apparet.nitri
489 1412 612 1488 spiritum
626 1411 833 1488 faciie',aquam
849 1423 894 1474 tu-⁴

50 1496 126 1572 giam
141 1496 254 1557 difficile
267 1495 373 1549 solvere
382 1491 553 1546 Mercurium
565 1505 573 1544 a
583 1487 893 1568 constatenirnbicpul·

50 1575 96 1630 vis
118 1590 153 1630 ex
169 1569 329 1632 Mercurio,
348 1566 439 1640 ipititu
453 1565 514 1622 nitri
527 1565 556 1622 dt
571 1564 623 1623 saie
638 1565 754 1622 marino.
783 1567 813 1626 Si
828 1569 894 1632 bric

48 1646 184 1706 solutioni
196 1643 376 1701 admisceatur
388 1641 491 1718 spiritus
507 1642 565 1699 faiis
583 1642 701 1706 marini,
718 1641 821 1715 spiritus
836 1645 894 1703 iaiia

49 1722 244 1787 ammoniaci,
258 1717 291 1777 sai
305 1718 426 1776 marinus
445 1729 639 1794 regeneratur,
656 1719 700 1776 vei
717 1717 894 1780 iubiirnatum

51 1797 252 1862 corrosrrum,
273 1794 347 1852 idem
367 1793 453 1852 fieret.

95 1876 121 1938 ς.
143 1889 170 1948 3.
189 1873 241 1930 Vis
254 1871 335 1938 huius
348 1870 464 1929 validior
477 1870 514 1930 eii
536 1871 680 1931 Mercurio
692 1872 796 1944 crudo,
817 1871 896 1934 debis

51 1950 109 2010 lior
124 1961 217 2007 tamen
237 1947 361 2022 crystalio
380 1948 585 2009 Mercuriali&
607 1951 779 2023 praecipitato
793 1952 893 2020 rubro,

52 2027 161 2103 quippe
173 2024 299 2102 spoliatus
313 2024 350 2082 est
365 2026 399 2082 ad
412 2041 541 2098 magnam
555 2039 660 2104 partem
677 2026 760 2085 acido
776 2029 895 2088 corruti-

51 2120 112 2170 vo;
132 2103 198 2160 binc
210 2101 268 2177 ejus
281 2099 421 2160 blandities
435 2101 534 2174 patitur
545 2114 576 2160 ut
593 2103 609 2160 i
623 2103 710 2174 granis
723 2103 767 2160 ier
781 2104 814 2162 ad
823 2104 896 2161 duo-

51 2179 148 2240 decim
162 2178 242 2238 detur
252 2178 393 2254 matutino
406 2189 551 2250 ternpore,
571 2179 599 2236 br
612 2177 633 2236 fi
647 2191 713 2236 tunc
726 2179 895 2240 determina·

51 2269 98 2316 tur
112 2268 246 2333 purgante
257 2254 382 2332 quodam
398 2255 452 2311 alio
461 2297 469 2320 .
478 2255 515 2312 est
529 2257 669 2324 optimum
684 2270 799 2330 purgans
813 2257 892 2330 quod

55 2333 153 2393 haberi
174 2332 254 2408 poffrt
274 2334 303 2390 in
325 2329 454 2389 omnibus
467 2333 570 2388 morbis
583 2347 722 2400 venerere,
741 2333 891 2406 pruinosis,

52 2409 237 2479 nominoio,
257 2409 292 2469 ad
304 2407 441 2475 scabiem,
461 2409 516 2465 bic.
538 2405 637 2465 fivero
654 2425 703 2483 per
716 2408 821 2483 aliquot
834 2412 892 2474 diea

51 2487 216 2548 succeffivoa
229 2485 470 2554 detui,matutino
482 2495 611 2561 tempore
620 2526 629 2553 ‚
638 2485 672 2546 ad
684 2498 766 2562 grana
781 2487 838 2546 duo
847 2492 893 2554 vel

16 2609 17 2612 ,
52 2560 890 2638 tria.excitatsaiivationem,fiimptrmiadeterminarurme-

53 2639 220 2700 dicamento
239 2641 362 2714 quodam
382 2640 488 2705 calido,
508 2651 576 2698 tunc
589 2657 703 2716 qunque
715 2641 892 2714 fitsudoriiefi

53 2731 128 2776 rum.
168 2714 213 2773 Est
229 2719 352 2788 princepe
364 2715 433 2773 inter
447 2716 605 2776 Cosmetica
615 2758 623 2784 ,
632 2720 660 2775 bt
673 2717 819 2778 lenitur-‚ue
836 2715 891 2775 La.

54 2794 254 2868 pisiniernairs.
269 2790 803 2868 Estnauitorumpradicorumpanrcaea
813 2793 891 2852 Mer·

55 2870 162 2927 curialia
175 2868 256 2928 tedia.
269 2867 295 2925 Si
304 2866 382 2941 hujus
391 2870 505 2940 puiveris
513 2869 591 2924 tertia
603 2866 831 2939 parsadmicetur
840 2885 892 2928 un-

54 2959 162 3018 guento
176 2946 297 3004 Pomato
307 2983 315 3008 ,
324 2945 367 3000 vei
377 2943 891 3013 Roiaceo,habeturpraeiianiiffrmum

55 3041 212 3106 ungentum
226 3031 260 3090 ad
274 3029 390 3091 scabiem
405 3031 434 3088 δι
447 3033 510 3092 loca
522 3029 643 3092 urcetoia
650 3027 693 3116 ,ii
707 3045 774 3108 vcro
787 3038 815 3108 3}
829 3035 893 3104 miif

53 3128 153 3194 petut,
171 3118 209 3180 est
223 3117 425 3180 Cuimeticum.
533 3197 538 3203 .
