<?xml version="1.0" encoding="UTF-8"?>
<!DOCTYPE html PUBLIC "-//W3C//DTD XHTML 1.0 Transitional//EN"
    "http://www.w3.org/TR/xhtml1/DTD/xhtml1-transitional.dtd">
<html xmlns="http://www.w3.org/1999/xhtml" xml:lang="en" lang="en">
 <head>
  <title>
</title>
<meta http-equiv="Content-Type" content="text/html;charset=utf-8" />
  <meta name='ocr-system' content='tesseract 3.04.00' />
  <meta name='ocr-capabilities' content='ocr_page ocr_carea ocr_par ocr_line ocrx_word'/>
</head>
<body>
  <div class='ocr_page' id='page_1' title='image "./hermanniboerhaa01boergoog_0162.png"; bbox 0 0 2068 3676; ppageno 0'>
   <div class='ocr_carea' id='block_1_1' title="bbox 9 129 1023 3172">
    <p class='ocr_par' dir='ltr' id='par_1_1' title="bbox 134 129 1020 320">
     <span class='ocr_line' id='line_1_1' title="bbox 137 129 832 240; baseline -0.006 -20"><span class='ocrx_word' id='word_1_1' title='bbox 137 157 195 234; x_wconf 60' lang='grc' dir='ltr'><strong>ιη’</strong></span> <span class='ocrx_word' id='word_1_2' title='bbox 241 139 247 146; x_wconf 85' lang='grc'>’</span> <span class='ocrx_word' id='word_1_3' title='bbox 288 148 370 220; x_wconf 77' lang='lat' dir='ltr'><strong>nn</strong></span> <span class='ocrx_word' id='word_1_4' title='bbox 411 129 832 240; x_wconf 74' lang='lat' dir='ltr'><strong>ennena-tto</strong></span> 
     </span>
     <span class='ocr_line' id='line_1_2' title="bbox 134 247 1020 320; baseline 0.005 -10"><span class='ocrx_word' id='word_1_5' title='bbox 134 248 199 312; x_wconf 67' lang='lat' dir='ltr'><strong>sum</strong></span> <span class='ocrx_word' id='word_1_6' title='bbox 215 251 252 312; x_wconf 91' lang='lat' dir='ltr'><strong>cll</strong></span> <span class='ocrx_word' id='word_1_7' title='bbox 266 250 301 310; x_wconf 88' lang='lat' dir='ltr'><strong>de</strong></span> <span class='ocrx_word' id='word_1_8' title='bbox 314 251 409 311; x_wconf 84' lang='lat' dir='ltr'><strong>colore</strong></span> <span class='ocrx_word' id='word_1_9' title='bbox 423 249 543 309; x_wconf 88' lang='lat' dir='ltr'><strong>caeruleo</strong></span> <span class='ocrx_word' id='word_1_10' title='bbox 557 247 586 308; x_wconf 71' lang='grc' dir='ltr'><strong>δι</strong></span> <span class='ocrx_word' id='word_1_11' title='bbox 602 249 637 308; x_wconf 90' lang='lat' dir='ltr'><strong>de</strong></span> <span class='ocrx_word' id='word_1_12' title='bbox 645 249 737 309; x_wconf 83' lang='lat' dir='ltr'><strong>multis</strong></span> <span class='ocrx_word' id='word_1_13' title='bbox 744 251 817 320; x_wconf 90' lang='lat' dir='ltr'><strong>aliis,</strong></span> <span class='ocrx_word' id='word_1_14' title='bbox 836 247 889 312; x_wconf 87' lang='lat' dir='ltr'><strong>secl</strong></span> <span class='ocrx_word' id='word_1_15' title='bbox 908 251 1020 314; x_wconf 77' lang='lat' dir='ltr'><strong>alter</strong></span> 
     </span>
    </p>

    <p class='ocr_par' dir='ltr' id='par_1_2' title="bbox 139 329 1020 410">
     <span class='ocr_line' id='line_1_3' title="bbox 139 329 1020 410; baseline 0.005 -20"><span class='ocrx_word' id='word_1_16' title='bbox 139 349 180 390; x_wconf 83' lang='lat' dir='ltr'><strong>ars</strong></span> <span class='ocrx_word' id='word_1_17' title='bbox 195 332 309 407; x_wconf 73' lang='lat' dir='ltr'><strong>pislotia</strong></span> <span class='ocrx_word' id='word_1_18' title='bbox 323 331 377 400; x_wconf 86' lang='lat' dir='ltr'><strong>est,</strong></span> <span class='ocrx_word' id='word_1_19' title='bbox 390 347 454 407; x_wconf 87' lang='lat' dir='ltr'><strong>quae</strong></span> <span class='ocrx_word' id='word_1_20' title='bbox 471 340 622 404; x_wconf 87' lang='lat' dir='ltr'><strong>occupatur</strong></span> <span class='ocrx_word' id='word_1_21' title='bbox 631 329 659 386; x_wconf 92' lang='lat' dir='ltr'><strong>in</strong></span> <span class='ocrx_word' id='word_1_22' title='bbox 668 330 822 389; x_wconf 88' lang='lat' dir='ltr'><strong>colorandis</strong></span> <span class='ocrx_word' id='word_1_23' title='bbox 836 332 925 391; x_wconf 89' lang='lat' dir='ltr'><strong>vitris</strong></span> <span class='ocrx_word' id='word_1_24' title='bbox 936 337 1020 410; x_wconf 84' lang='lat' dir='ltr'><strong>qui</strong></span> 
     </span>
    </p>

    <p class='ocr_par' dir='ltr' id='par_1_3' title="bbox 9 407 1022 1038">
     <span class='ocr_line' id='line_1_4' title="bbox 9 407 1015 488; baseline 0.003 -21"><span class='ocrx_word' id='word_1_25' title='bbox 9 439 11 444; x_wconf 95' lang='lat'>·</span> <span class='ocrx_word' id='word_1_26' title='bbox 37 461 39 467; x_wconf 82' lang='grc'>,</span> <span class='ocrx_word' id='word_1_27' title='bbox 139 407 312 488; x_wconf 77' lang='lat' dir='ltr'><strong>buscumqne</strong></span> <span class='ocrx_word' id='word_1_28' title='bbox 325 409 420 468; x_wconf 86' lang='lat' dir='ltr'><strong>colore</strong></span> <span class='ocrx_word' id='word_1_29' title='bbox 440 419 639 484; x_wconf 81' lang='lat' dir='ltr'><strong>quocumque,</strong></span> <span class='ocrx_word' id='word_1_30' title='bbox 652 419 684 465; x_wconf 83' lang='lat' dir='ltr'><strong>ut</strong></span> <span class='ocrx_word' id='word_1_31' title='bbox 698 419 792 484; x_wconf 85' lang='lat' dir='ltr'><strong>tamen</strong></span> <span class='ocrx_word' id='word_1_32' title='bbox 809 410 1015 486; x_wconf 83' lang='lat' dir='ltr'><strong>pellucidita</strong></span> 
     </span>
     <span class='ocr_line' id='line_1_5' title="bbox 120 483 1021 566; baseline 0.003 -20"><span class='ocrx_word' id='word_1_33' title='bbox 120 499 122 514; x_wconf 76' lang='lat'><strong>¹</strong></span> <span class='ocrx_word' id='word_1_34' title='bbox 137 497 197 548; x_wconf 79' lang='lat' dir='ltr'><strong>tem</strong></span> <span class='ocrx_word' id='word_1_35' title='bbox 211 489 362 557; x_wconf 82' lang='lat' dir='ltr'><strong>retineant,</strong></span> <span class='ocrx_word' id='word_1_36' title='bbox 382 488 444 546; x_wconf 80' lang='lat' dir='ltr'><strong>haec</strong></span> <span class='ocrx_word' id='word_1_37' title='bbox 458 500 498 545; x_wconf 83' lang='lat' dir='ltr'><strong>ars</strong></span> <span class='ocrx_word' id='word_1_38' title='bbox 512 485 579 544; x_wconf 74' lang='lat' dir='ltr'><strong>lilim</strong></span> <span class='ocrx_word' id='word_1_39' title='bbox 594 483 759 544; x_wconf 80' lang='lat' dir='ltr'><strong>usitatissima</strong></span> <span class='ocrx_word' id='word_1_40' title='bbox 775 485 828 546; x_wconf 88' lang='lat' dir='ltr'><strong>suit</strong></span> <span class='ocrx_word' id='word_1_41' title='bbox 840 487 935 566; x_wconf 87' lang='lat' dir='ltr'><strong>quod</strong></span> <span class='ocrx_word' id='word_1_42' title='bbox 953 491 1021 549; x_wconf 50' lang='lat' dir='ltr'><strong>adi</strong></span> 
     </span>
     <span class='ocr_line' id='line_1_6' title="bbox 35 564 1021 643; baseline 0.002 -17"><span class='ocrx_word' id='word_1_43' title='bbox 35 638 37 642; x_wconf 10' lang='lat' dir='ltr'>y</span> <span class='ocrx_word' id='word_1_44' title='bbox 139 568 196 626; x_wconf 85' lang='lat' dir='ltr'><strong>huc</strong></span> <span class='ocrx_word' id='word_1_45' title='bbox 209 567 271 626; x_wconf 81' lang='lat' dir='ltr'><strong>ubis</strong></span> <span class='ocrx_word' id='word_1_46' title='bbox 284 566 380 638; x_wconf 80' lang='lat' dir='ltr'><strong>Gauda</strong></span> <span class='ocrx_word' id='word_1_47' title='bbox 392 565 518 632; x_wconf 87' lang='lat' dir='ltr'><strong>testatur,</strong></span> <span class='ocrx_word' id='word_1_48' title='bbox 536 564 581 623; x_wconf 91' lang='lat' dir='ltr'><strong>scd</strong></span> <span class='ocrx_word' id='word_1_49' title='bbox 595 565 653 623; x_wconf 86' lang='lat' dir='ltr'><strong>fere</strong></span> <span class='ocrx_word' id='word_1_50' title='bbox 668 565 771 640; x_wconf 87' lang='lat' dir='ltr'><strong>perdita</strong></span> <span class='ocrx_word' id='word_1_51' title='bbox 785 567 855 643; x_wconf 78' lang='lat' dir='ltr'><strong>fuit,</strong></span> <span class='ocrx_word' id='word_1_52' title='bbox 881 570 917 628; x_wconf 73' lang='grc' dir='ltr'><strong>ὃ(</strong></span> <span class='ocrx_word' id='word_1_53' title='bbox 936 585 1021 628; x_wconf 77' lang='lat' dir='ltr'><strong>nor</strong></span> 
     </span>
     <span class='ocr_line' id='line_1_7' title="bbox 137 641 1021 719; baseline 0.001 -14"><span class='ocrx_word' id='word_1_54' title='bbox 137 645 187 705; x_wconf 84' lang='lat' dir='ltr'><strong>t&#39;esi</strong></span> <span class='ocrx_word' id='word_1_55' title='bbox 197 645 287 705; x_wconf 81' lang='lat' dir='ltr'><strong>scitata</strong></span> <span class='ocrx_word' id='word_1_56' title='bbox 294 645 342 704; x_wconf 86' lang='lat' dir='ltr'><strong>nist</strong></span> <span class='ocrx_word' id='word_1_57' title='bbox 357 643 486 702; x_wconf 85' lang='lat' dir='ltr'><strong>Chemiae</strong></span> <span class='ocrx_word' id='word_1_58' title='bbox 499 647 562 719; x_wconf 79' lang='lat' dir='ltr'><strong>ope.</strong></span> <span class='ocrx_word' id='word_1_59' title='bbox 570 641 746 702; x_wconf 75' lang='lat' dir='ltr'><strong>Artemhanc</strong></span> <span class='ocrx_word' id='word_1_60' title='bbox 754 641 880 705; x_wconf 82' lang='lat' dir='ltr'><strong>nobilem</strong></span> <span class='ocrx_word' id='word_1_61' title='bbox 892 647 1021 706; x_wconf 85' lang='lat' dir='ltr'><strong>Kunc-</strong></span> 
     </span>
     <span class='ocr_line' id='line_1_8' title="bbox 139 719 1021 798; baseline 0.003 -16"><span class='ocrx_word' id='word_1_62' title='bbox 139 724 183 783; x_wconf 85' lang='lat' dir='ltr'><strong>liel</strong></span> <span class='ocrx_word' id='word_1_63' title='bbox 196 743 225 782; x_wconf 88' lang='lat' dir='ltr'><strong>us</strong></span> <span class='ocrx_word' id='word_1_64' title='bbox 237 720 461 794; x_wconf 68' lang='lat' dir='ltr'><strong>restauravit,sed</strong></span> <span class='ocrx_word' id='word_1_65' title='bbox 474 719 549 780; x_wconf 77' lang='lat' dir='ltr'><strong>deci</strong></span> <span class='ocrx_word' id='word_1_66' title='bbox 561 737 619 780; x_wconf 90' lang='lat' dir='ltr'><strong>non</strong></span> <span class='ocrx_word' id='word_1_67' title='bbox 633 722 744 798; x_wconf 71' lang='lat' dir='ltr'><strong>intelligi</strong></span> <span class='ocrx_word' id='word_1_68' title='bbox 759 724 868 798; x_wconf 85' lang='lat' dir='ltr'><strong>potest,</strong></span> <span class='ocrx_word' id='word_1_69' title='bbox 885 743 1021 786; x_wconf 78' lang='lat' dir='ltr'><strong>verum</strong></span> 
     </span>
     <span class='ocr_line' id='line_1_9' title="bbox 136 795 1022 864; baseline 0.002 -2"><span class='ocrx_word' id='word_1_70' title='bbox 136 805 233 862; x_wconf 81' lang='lat' dir='ltr'><strong>tamen</strong></span> <span class='ocrx_word' id='word_1_71' title='bbox 249 802 287 860; x_wconf 86' lang='lat' dir='ltr'><strong>e&#39;st</strong></span> <span class='ocrx_word' id='word_1_72' title='bbox 306 807 371 860; x_wconf 84' lang='lat' dir='ltr'><strong>eum</strong></span> <span class='ocrx_word' id='word_1_73' title='bbox 390 795 462 858; x_wconf 83' lang='lat' dir='ltr'><strong>lianc</strong></span> <span class='ocrx_word' id='word_1_74' title='bbox 481 800 569 858; x_wconf 80' lang='lat' dir='ltr'><strong>artem</strong></span> <span class='ocrx_word' id='word_1_75' title='bbox 590 798 714 858; x_wconf 75' lang='lat' dir='ltr'>calluisse.</span> <span class='ocrx_word' id='word_1_76' title='bbox 754 801 871 862; x_wconf 84' lang='lat' dir='ltr'><strong>Tertius</strong></span> <span class='ocrx_word' id='word_1_77' title='bbox 885 804 1022 864; x_wconf 83' lang='lat' dir='ltr'><strong>modus</strong></span> 
     </span>
     <span class='ocr_line' id='line_1_10' title="bbox 137 875 1019 1018; baseline 0.002 -80"><span class='ocrx_word' id='word_1_78' title='bbox 137 879 268 1018; x_wconf 51' lang='lat' dir='ltr'><strong>fingendi</strong></span> <span class='ocrx_word' id='word_1_79' title='bbox 282 879 336 948; x_wconf 84' lang='lat' dir='ltr'><strong>eil,</strong></span> <span class='ocrx_word' id='word_1_80' title='bbox 353 893 439 956; x_wconf 89' lang='lat' dir='ltr'><strong>quem</strong></span> <span class='ocrx_word' id='word_1_81' title='bbox 460 891 564 938; x_wconf 88' lang='lat' dir='ltr'><strong>vocant</strong></span> <span class='ocrx_word' id='word_1_82' title='bbox 578 875 787 952; x_wconf 83' lang='lat' dir='ltr'><strong>(elnaiilleeien,</strong></span> <span class='ocrx_word' id='word_1_83' title='bbox 806 882 1019 959; x_wconf 80' lang='lat' dir='ltr'><strong>amauseren)</strong></span> 
     </span>
     <span class='ocr_line' id='line_1_11' title="bbox 150 954 1017 1038; baseline 0.005 -22"><span class='ocrx_word' id='word_1_84' title='bbox 150 960 214 1017; x_wconf 91' lang='lat' dir='ltr'><strong>atini</strong></span> <span class='ocrx_word' id='word_1_85' title='bbox 228 963 320 1018; x_wconf 79' lang='lat' dir='ltr'><strong>calent</strong></span> <span class='ocrx_word' id='word_1_86' title='bbox 333 960 388 1016; x_wconf 93' lang='lat' dir='ltr'><strong>hoc</strong></span> <span class='ocrx_word' id='word_1_87' title='bbox 403 954 559 1027; x_wconf 88' lang='lat' dir='ltr'><strong>vocabulo,</strong></span> <span class='ocrx_word' id='word_1_88' title='bbox 586 955 632 1016; x_wconf 85' lang='lat' dir='ltr'><strong>sed</strong></span> <span class='ocrx_word' id='word_1_89' title='bbox 646 959 684 1017; x_wconf 84' lang='lat' dir='ltr'><strong>est</strong></span> <span class='ocrx_word' id='word_1_90' title='bbox 703 959 747 1018; x_wconf 89' lang='lat' dir='ltr'><strong>illa</strong></span> <span class='ocrx_word' id='word_1_91' title='bbox 758 974 799 1019; x_wconf 84' lang='lat' dir='ltr'><strong>ars</strong></span> <span class='ocrx_word' id='word_1_92' title='bbox 812 959 870 1038; x_wconf 75' lang='lat' dir='ltr'><strong>qu&#39;i</strong></span> <span class='ocrx_word' id='word_1_93' title='bbox 887 961 941 1020; x_wconf 86' lang='lat' dir='ltr'><strong>sub</strong></span> <span class='ocrx_word' id='word_1_94' title='bbox 952 963 1017 1020; x_wconf 92' lang='lat' dir='ltr'><strong>vi-</strong></span> 
     </span>
    </p>

    <p class='ocr_par' dir='ltr' id='par_1_4' title="bbox 137 1033 1018 1110">
     <span class='ocr_line' id='line_1_12' title="bbox 137 1033 1018 1110; baseline 0.006 -15"><span class='ocrx_word' id='word_1_95' title='bbox 137 1037 184 1096; x_wconf 88' lang='lat' dir='ltr'><strong>ttis</strong></span> <span class='ocrx_word' id='word_1_96' title='bbox 200 1040 229 1098; x_wconf 67' lang='grc' dir='ltr'><strong>ὅ(</strong></span> <span class='ocrx_word' id='word_1_97' title='bbox 243 1039 270 1095; x_wconf 92' lang='lat' dir='ltr'><strong>in</strong></span> <span class='ocrx_word' id='word_1_98' title='bbox 283 1038 352 1096; x_wconf 79' lang='lat' dir='ltr'><strong>vitra</strong></span> <span class='ocrx_word' id='word_1_99' title='bbox 366 1039 395 1094; x_wconf 71' lang='grc' dir='ltr'><strong>ὃ(</strong></span> <span class='ocrx_word' id='word_1_100' title='bbox 409 1037 518 1094; x_wconf 88' lang='lat' dir='ltr'><strong>metalla</strong></span> <span class='ocrx_word' id='word_1_101' title='bbox 531 1033 663 1096; x_wconf 79' lang='lat' dir='ltr'><strong>inducant</strong></span> <span class='ocrx_word' id='word_1_102' title='bbox 676 1037 782 1097; x_wconf 80' lang='lat' dir='ltr'><strong>colores</strong></span> <span class='ocrx_word' id='word_1_103' title='bbox 793 1039 980 1100; x_wconf 79' lang='lat' dir='ltr'><strong>niaviffimos</strong></span> <span class='ocrx_word' id='word_1_104' title='bbox 995 1081 1018 1110; x_wconf 82' lang='grc'><strong>,</strong></span> 
     </span>
    </p>

    <p class='ocr_par' dir='ltr' id='par_1_5' title="bbox 140 1105 1023 1270">
     <span class='ocr_line' id='line_1_13' title="bbox 142 1105 1012 1195; baseline 0.003 -21"><span class='ocrx_word' id='word_1_105' title='bbox 142 1117 173 1174; x_wconf 91' lang='lat'>&amp;</span> <span class='ocrx_word' id='word_1_106' title='bbox 185 1115 239 1194; x_wconf 71' lang='lat' dir='ltr'><strong>qui</strong></span> <span class='ocrx_word' id='word_1_107' title='bbox 253 1116 295 1174; x_wconf 86' lang='lat' dir='ltr'><strong>illa</strong></span> <span class='ocrx_word' id='word_1_108' title='bbox 309 1113 440 1182; x_wconf 83' lang='lat' dir='ltr'><strong>monilia,</strong></span> <span class='ocrx_word' id='word_1_109' title='bbox 460 1131 526 1194; x_wconf 85' lang='lat' dir='ltr'><strong>quae</strong></span> <span class='ocrx_word' id='word_1_110' title='bbox 546 1112 580 1173; x_wconf 92' lang='lat' dir='ltr'><strong>ab&#39;</strong></span> <span class='ocrx_word' id='word_1_111' title='bbox 594 1105 770 1174; x_wconf 81' lang='lat' dir='ltr'><strong>saeminatum</strong></span> <span class='ocrx_word' id='word_1_112' title='bbox 790 1118 904 1177; x_wconf 86' lang='lat' dir='ltr'><strong>autibus</strong></span> <span class='ocrx_word' id='word_1_113' title='bbox 920 1137 1012 1195; x_wconf 88' lang='lat' dir='ltr'><strong>pen-</strong></span> 
     </span>
     <span class='ocr_line' id='line_1_14' title="bbox 140 1189 1023 1270; baseline 0.002 -16"><span class='ocrx_word' id='word_1_114' title='bbox 140 1194 223 1264; x_wconf 87' lang='lat' dir='ltr'><strong>dent,</strong></span> <span class='ocrx_word' id='word_1_115' title='bbox 243 1205 345 1270; x_wconf 73' lang='lat' dir='ltr'><strong>aparte</strong></span> <span class='ocrx_word' id='word_1_116' title='bbox 360 1189 451 1252; x_wconf 76' lang='lat' dir='ltr'><strong>auersa</strong></span> <span class='ocrx_word' id='word_1_117' title='bbox 458 1191 630 1270; x_wconf 73' lang='lat' dir='ltr'><strong>superinduci</strong></span> <span class='ocrx_word' id='word_1_118' title='bbox 641 1193 729 1254; x_wconf 89' lang='lat' dir='ltr'><strong>solent</strong></span> <span class='ocrx_word' id='word_1_119' title='bbox 742 1195 881 1256; x_wconf 87' lang='lat' dir='ltr'><strong>coloribus</strong></span> <span class='ocrx_word' id='word_1_120' title='bbox 895 1199 1007 1268; x_wconf 84' lang='lat' dir='ltr'><strong>variis,</strong></span> <span class='ocrx_word' id='word_1_121' title='bbox 1022 1209 1023 1212; x_wconf 74' lang='grc'>’</span> 
     </span>
    </p>

    <p class='ocr_par' dir='ltr' id='par_1_6' title="bbox 138 1271 1004 1351">
     <span class='ocr_line' id='line_1_15' title="bbox 138 1271 1004 1351; baseline 0.002 -19"><span class='ocrx_word' id='word_1_122' title='bbox 138 1272 185 1332; x_wconf 76' lang='lat' dir='ltr'><strong>se&#39;d</strong></span> <span class='ocrx_word' id='word_1_123' title='bbox 197 1274 232 1334; x_wconf 87' lang='lat' dir='ltr'><strong>de</strong></span> <span class='ocrx_word' id='word_1_124' title='bbox 246 1271 278 1332; x_wconf 74' lang='lat' dir='ltr'><strong>ea</strong></span> <span class='ocrx_word' id='word_1_125' title='bbox 290 1277 347 1332; x_wconf 85' lang='lat' dir='ltr'><strong>a&#39;rte</strong></span> <span class='ocrx_word' id='word_1_126' title='bbox 359 1288 447 1330; x_wconf 86' lang='lat' dir='ltr'><strong>nemo</strong></span> <span class='ocrx_word' id='word_1_127' title='bbox 460 1273 561 1350; x_wconf 85' lang='lat' dir='ltr'><strong>absque</strong></span> <span class='ocrx_word' id='word_1_128' title='bbox 571 1271 689 1332; x_wconf 77' lang='lat' dir='ltr'><strong>Chemii</strong></span> <span class='ocrx_word' id='word_1_129' title='bbox 700 1273 812 1332; x_wconf 84' lang='lat' dir='ltr'><strong>scribere</strong></span> <span class='ocrx_word' id='word_1_130' title='bbox 825 1273 940 1351; x_wconf 84' lang='lat' dir='ltr'><strong>potest,</strong></span> <span class='ocrx_word' id='word_1_131' title='bbox 955 1277 1004 1336; x_wconf 85' lang='lat' dir='ltr'><strong>de</strong></span> 
     </span>
    </p>

    <p class='ocr_par' dir='ltr' id='par_1_7' title="bbox 108 1343 1000 1982">
     <span class='ocr_line' id='line_1_16' title="bbox 139 1343 995 1430; baseline 0.006 -20"><span class='ocrx_word' id='word_1_132' title='bbox 139 1349 171 1410; x_wconf 75' lang='lat' dir='ltr'><strong>ei</strong></span> <span class='ocrx_word' id='word_1_133' title='bbox 184 1351 283 1430; x_wconf 84' lang='lat' dir='ltr'><strong>scripsit</strong></span> <span class='ocrx_word' id='word_1_134' title='bbox 294 1343 567 1428; x_wconf 72' lang='lat' dir='ltr'><strong>Jfixacuslsollandus</strong></span> <span class='ocrx_word' id='word_1_135' title='bbox 581 1350 615 1410; x_wconf 90' lang='lat' dir='ltr'><strong>de</strong></span> <span class='ocrx_word' id='word_1_136' title='bbox 630 1363 687 1410; x_wconf 90' lang='lat' dir='ltr'><strong>arte</strong></span> <span class='ocrx_word' id='word_1_137' title='bbox 695 1351 823 1428; x_wconf 82' lang='lat' dir='ltr'><strong>pingendi</strong></span> <span class='ocrx_word' id='word_1_138' title='bbox 832 1355 907 1413; x_wconf 82' lang='lat' dir='ltr'><strong>vitm</strong></span> <span class='ocrx_word' id='word_1_139' title='bbox 925 1373 995 1414; x_wconf 90' lang='lat' dir='ltr'><strong>me-</strong></span> 
     </span>
     <span class='ocr_line' id='line_1_17' title="bbox 138 1427 1000 1569; baseline 0.01 -86"><span class='ocrx_word' id='word_1_140' title='bbox 138 1432 226 1490; x_wconf 78' lang='lat' dir='ltr'><strong>tallica</strong></span> <span class='ocrx_word' id='word_1_141' title='bbox 240 1428 442 1508; x_wconf 76' lang='lat' dir='ltr'><strong>(amanferen.)</strong></span> <span class='ocrx_word' id='word_1_142' title='bbox 456 1448 522 1506; x_wconf 84' lang='lat' dir='ltr'><strong>ergo</strong></span> <span class='ocrx_word' id='word_1_143' title='bbox 538 1427 559 1487; x_wconf 87' lang='lat' dir='ltr'>fi</span> <span class='ocrx_word' id='word_1_144' title='bbox 574 1429 633 1509; x_wconf 89' lang='lat' dir='ltr'><strong>quis</strong></span> <span class='ocrx_word' id='word_1_145' title='bbox 645 1430 767 1506; x_wconf 74' lang='lat' dir='ltr'><strong>peisesle</strong></span> <span class='ocrx_word' id='word_1_146' title='bbox 780 1429 931 1569; x_wconf 52' lang='lat' dir='ltr'><strong>Yic‘ioriatn</strong></span> <span class='ocrx_word' id='word_1_147' title='bbox 946 1452 1000 1492; x_wconf 89' lang='lat' dir='ltr'><strong>ar-</strong></span> 
     </span>
     <span class='ocr_line' id='line_1_18' title="bbox 137 1509 989 1588; baseline 0.001 -18"><span class='ocrx_word' id='word_1_148' title='bbox 137 1515 197 1570; x_wconf 88' lang='lat' dir='ltr'><strong>t&#39;em</strong></span> <span class='ocrx_word' id='word_1_149' title='bbox 210 1510 297 1580; x_wconf 87' lang='lat' dir='ltr'><strong>scite,</strong></span> <span class='ocrx_word' id='word_1_150' title='bbox 318 1512 348 1570; x_wconf 87' lang='lat'>&amp;</span> <span class='ocrx_word' id='word_1_151' title='bbox 367 1509 515 1586; x_wconf 75' lang='lat' dir='ltr'><strong>intelligere</strong></span> <span class='ocrx_word' id='word_1_152' title='bbox 536 1510 595 1568; x_wconf 81' lang='lat' dir='ltr'><strong>vult</strong></span> <span class='ocrx_word' id='word_1_153' title='bbox 607 1515 731 1568; x_wconf 73' lang='lat' dir='ltr'><strong>naturam</strong></span> <span class='ocrx_word' id='word_1_154' title='bbox 748 1521 784 1568; x_wconf 76' lang='lat' dir='ltr'><strong>co·</strong></span> <span class='ocrx_word' id='word_1_155' title='bbox 794 1519 877 1570; x_wconf 84' lang='lat' dir='ltr'><strong>oium</strong></span> <span class='ocrx_word' id='word_1_156' title='bbox 910 1513 989 1588; x_wconf 87' lang='lat' dir='ltr'><strong>hysi-</strong></span> 
     </span>
     <span class='ocr_line' id='line_1_19' title="bbox 108 1529 991 1668; baseline 0.003 -21"><span class='ocrx_word' id='word_1_157' title='bbox 108 1653 114 1661; x_wconf 56' lang='grc'>,</span> <span class='ocrx_word' id='word_1_158' title='bbox 140 1588 241 1662; x_wconf 81' lang='lat' dir='ltr'><strong>fitam,-</strong></span> <span class='ocrx_word' id='word_1_159' title='bbox 261 1588 344 1648; x_wconf 88' lang='lat' dir='ltr'><strong>debet</strong></span> <span class='ocrx_word' id='word_1_160' title='bbox 359 1579 508 1648; x_wconf 81' lang='lat' dir='ltr'><strong>Chemiam</strong></span> <span class='ocrx_word' id='word_1_161' title='bbox 522 1577 629 1647; x_wconf 76' lang='lat' dir='ltr'><strong>novisse</strong></span> <span class='ocrx_word' id='word_1_162' title='bbox 638 1611 647 1660; x_wconf 71' lang='grc' dir='ltr'><strong>ς,</strong></span> <span class='ocrx_word' id='word_1_163' title='bbox 657 1591 732 1662; x_wconf 88' lang='lat' dir='ltr'><strong>(non</strong></span> <span class='ocrx_word' id='word_1_164' title='bbox 745 1588 808 1650; x_wconf 84' lang='lat' dir='ltr'><strong>dico</strong></span> <span class='ocrx_word' id='word_1_165' title='bbox 822 1529 991 1668; x_wconf 64' lang='lat' dir='ltr'><strong>quassChe·</strong></span> 
     </span>
     <span class='ocr_line' id='line_1_20' title="bbox 142 1665 988 1745; baseline 0.002 -16"><span class='ocrx_word' id='word_1_166' title='bbox 142 1669 208 1729; x_wconf 81' lang='lat' dir='ltr'><strong>inici</strong></span> <span class='ocrx_word' id='word_1_167' title='bbox 221 1667 288 1730; x_wconf 72' lang='lat' dir='ltr'><strong>idest</strong></span> <span class='ocrx_word' id='word_1_168' title='bbox 300 1667 352 1728; x_wconf 83' lang='lat' dir='ltr'><strong>sint</strong></span> <span class='ocrx_word' id='word_1_169' title='bbox 365 1667 466 1745; x_wconf 89' lang='lat' dir='ltr'><strong>optimi</strong></span> <span class='ocrx_word' id='word_1_170' title='bbox 478 1667 614 1743; x_wconf 68' lang='lat' dir='ltr'><strong>pictores,</strong></span> <span class='ocrx_word' id='word_1_171' title='bbox 630 1667 698 1726; x_wconf 85' lang='lat' dir='ltr'><strong>nihil</strong></span> <span class='ocrx_word' id='word_1_172' title='bbox 711 1667 826 1738; x_wconf 84' lang='lat' dir='ltr'><strong>minus,</strong></span> <span class='ocrx_word' id='word_1_173' title='bbox 845 1665 892 1728; x_wconf 87' lang='lat' dir='ltr'><strong>sed</strong></span> <span class='ocrx_word' id='word_1_174' title='bbox 926 1669 988 1732; x_wconf 86' lang='lat' dir='ltr'><strong>uod</strong></span> 
     </span>
     <span class='ocr_line' id='line_1_21' title="bbox 139 1687 984 1825; baseline 0.004 -18"><span class='ocrx_word' id='word_1_175' title='bbox 139 1749 258 1825; x_wconf 72' lang='lat' dir='ltr'><strong>pisiores</strong></span> <span class='ocrx_word' id='word_1_176' title='bbox 272 1765 288 1808; x_wconf 89' lang='lat' dir='ltr'><strong>a</strong></span> <span class='ocrx_word' id='word_1_177' title='bbox 301 1745 373 1808; x_wconf 76' lang='lat' dir='ltr'><strong>nulli</strong></span> <span class='ocrx_word' id='word_1_178' title='bbox 386 1759 444 1808; x_wconf 86' lang='lat' dir='ltr'><strong>arte</strong></span> <span class='ocrx_word' id='word_1_179' title='bbox 457 1745 563 1823; x_wconf 77' lang='lat' dir='ltr'><strong>sperare</strong></span> <span class='ocrx_word' id='word_1_180' title='bbox 578 1745 637 1824; x_wconf 88' lang='lat' dir='ltr'><strong>plus</strong></span> <span class='ocrx_word' id='word_1_181' title='bbox 651 1741 761 1823; x_wconf 80' lang='lat' dir='ltr'><strong>possunt</strong></span> <span class='ocrx_word' id='word_1_182' title='bbox 774 1763 860 1824; x_wconf 93' lang='lat' dir='ltr'><strong>quam</strong></span> <span class='ocrx_word' id='word_1_183' title='bbox 874 1765 890 1808; x_wconf 89' lang='lat' dir='ltr'><strong>a</strong></span> <span class='ocrx_word' id='word_1_184' title='bbox 904 1687 984 1810; x_wconf 53' lang='lat' dir='ltr'><strong>glac-</strong></span> 
     </span>
     <span class='ocr_line' id='line_1_22' title="bbox 140 1823 987 1903; baseline 0.004 -18"><span class='ocrx_word' id='word_1_185' title='bbox 140 1829 213 1903; x_wconf 86' lang='lat' dir='ltr'><strong>mia)</strong></span> <span class='ocrx_word' id='word_1_186' title='bbox 233 1841 260 1887; x_wconf 79' lang='lat' dir='ltr'><strong>e:</strong></span> <span class='ocrx_word' id='word_1_187' title='bbox 272 1844 300 1903; x_wconf 82' lang='lat' dir='ltr'><strong>g:</strong></span> <span class='ocrx_word' id='word_1_188' title='bbox 314 1827 456 1886; x_wconf 89' lang='lat' dir='ltr'><strong>summum</strong></span> <span class='ocrx_word' id='word_1_189' title='bbox 470 1823 579 1902; x_wconf 83' lang='lat' dir='ltr'><strong>nigrum</strong></span> <span class='ocrx_word' id='word_1_190' title='bbox 593 1825 671 1902; x_wconf 92' lang='lat' dir='ltr'><strong>quod</strong></span> <span class='ocrx_word' id='word_1_191' title='bbox 686 1825 722 1884; x_wconf 89' lang='lat' dir='ltr'><strong>est</strong></span> <span class='ocrx_word' id='word_1_192' title='bbox 732 1823 806 1886; x_wconf 84' lang='lat' dir='ltr'><strong>fitex</strong></span> <span class='ocrx_word' id='word_1_193' title='bbox 820 1825 987 1897; x_wconf 78' lang='lat' dir='ltr'><strong>solidissimis</strong></span> 
     </span>
     <span class='ocr_line' id='line_1_23' title="bbox 138 1897 987 1982; baseline 0.007 -20"><span class='ocrx_word' id='word_1_194' title='bbox 138 1899 298 1965; x_wconf 79' lang='lat' dir='ltr'><strong>animalium</strong></span> <span class='ocrx_word' id='word_1_195' title='bbox 314 1904 432 1969; x_wconf 86' lang='lat' dir='ltr'><strong>offibus,</strong></span> <span class='ocrx_word' id='word_1_196' title='bbox 452 1902 566 1982; x_wconf 89' lang='lat' dir='ltr'><strong>quando</strong></span> <span class='ocrx_word' id='word_1_197' title='bbox 582 1911 677 1980; x_wconf 79' lang='lat' dir='ltr'><strong>aperto</strong></span> <span class='ocrx_word' id='word_1_198' title='bbox 690 1905 755 1982; x_wconf 83' lang='lat' dir='ltr'><strong>igne</strong></span> <span class='ocrx_word' id='word_1_199' title='bbox 768 1897 815 1964; x_wconf 85' lang='lat' dir='ltr'><strong>sed</strong></span> <span class='ocrx_word' id='word_1_200' title='bbox 828 1904 919 1966; x_wconf 88' lang='lat' dir='ltr'><strong>clauso</strong></span> <span class='ocrx_word' id='word_1_201' title='bbox 934 1917 987 1968; x_wconf 79' lang='lat' dir='ltr'><strong>va-</strong></span> 
     </span>
    </p>

    <p class='ocr_par' dir='ltr' id='par_1_8' title="bbox 136 1981 983 2060">
     <span class='ocr_line' id='line_1_24' title="bbox 136 1981 983 2060; baseline 0.006 -19"><span class='ocrx_word' id='word_1_202' title='bbox 136 1981 164 2041; x_wconf 86' lang='lat' dir='ltr'><strong>se</strong></span> <span class='ocrx_word' id='word_1_203' title='bbox 180 1984 209 2042; x_wconf 92' lang='lat' dir='ltr'><strong>in</strong></span> <span class='ocrx_word' id='word_1_204' title='bbox 224 1983 328 2044; x_wconf 83' lang='lat' dir='ltr'><strong>calcem</strong></span> <span class='ocrx_word' id='word_1_205' title='bbox 349 1981 531 2058; x_wconf 84' lang='lat' dir='ltr'><strong>rediguntur,</strong></span> <span class='ocrx_word' id='word_1_206' title='bbox 551 1995 637 2060; x_wconf 90' lang='lat' dir='ltr'><strong>quam</strong></span> <span class='ocrx_word' id='word_1_207' title='bbox 656 1991 744 2042; x_wconf 79' lang='lat' dir='ltr'><strong>artem</strong></span> <span class='ocrx_word' id='word_1_208' title='bbox 757 1985 840 2060; x_wconf 80' lang='lat' dir='ltr'><strong>pauci</strong></span> <span class='ocrx_word' id='word_1_209' title='bbox 852 1983 983 2057; x_wconf 68' lang='lat' dir='ltr'><strong>nerunt,</strong></span> 
     </span>
    </p>

    <p class='ocr_par' dir='ltr' id='par_1_9' title="bbox 139 2055 983 2140">
     <span class='ocr_line' id='line_1_25' title="bbox 139 2055 983 2140; baseline 0.006 -21"><span class='ocrx_word' id='word_1_210' title='bbox 139 2055 185 2122; x_wconf 75' lang='lat' dir='ltr'><strong>sed</strong></span> <span class='ocrx_word' id='word_1_211' title='bbox 197 2063 263 2123; x_wconf 85' lang='lat' dir='ltr'><strong>facit</strong></span> <span class='ocrx_word' id='word_1_212' title='bbox 277 2060 456 2138; x_wconf 84' lang='lat' dir='ltr'><strong>nigerrimum</strong></span> <span class='ocrx_word' id='word_1_213' title='bbox 471 2063 502 2119; x_wconf 73' lang='grc' dir='ltr'><strong>ὅτ</strong></span> <span class='ocrx_word' id='word_1_214' title='bbox 513 2063 653 2138; x_wconf 86' lang='lat' dir='ltr'><strong>optimum</strong></span> <span class='ocrx_word' id='word_1_215' title='bbox 662 2059 787 2122; x_wconf 86' lang='lat' dir='ltr'><strong>colorem</strong></span> <span class='ocrx_word' id='word_1_216' title='bbox 802 2061 983 2140; x_wconf 70' lang='lat' dir='ltr'><strong>(beenzwattl</strong></span> 
     </span>
    </p>

    <p class='ocr_par' dir='ltr' id='par_1_10' title="bbox 64 2133 982 2218">
     <span class='ocr_line' id='line_1_26' title="bbox 64 2133 982 2218; baseline 0.004 -20"><span class='ocrx_word' id='word_1_217' title='bbox 64 2169 66 2172; x_wconf 88' lang='grc'><em>·</em></span> <span class='ocrx_word' id='word_1_218' title='bbox 139 2140 177 2199; x_wconf 85' lang='lat' dir='ltr'><strong>e&#39;sl</strong></span> <span class='ocrx_word' id='word_1_219' title='bbox 191 2140 365 2208; x_wconf 80' lang='lat' dir='ltr'><strong>mesmillo,</strong></span> <span class='ocrx_word' id='word_1_220' title='bbox 379 2139 426 2218; x_wconf 85' lang='lat' dir='ltr'><strong>qui</strong></span> <span class='ocrx_word' id='word_1_221' title='bbox 440 2133 471 2198; x_wconf 84' lang='lat' dir='ltr'><strong>sit</strong></span> <span class='ocrx_word' id='word_1_222' title='bbox 484 2151 518 2200; x_wconf 82' lang='lat' dir='ltr'><strong>ex</strong></span> <span class='ocrx_word' id='word_1_223' title='bbox 527 2139 626 2198; x_wconf 73' lang='lat' dir='ltr'><strong>offibus</strong></span> <span class='ocrx_word' id='word_1_224' title='bbox 639 2148 735 2216; x_wconf 73' lang='lat' dir='ltr'><strong>aperto</strong></span> <span class='ocrx_word' id='word_1_225' title='bbox 747 2142 811 2218; x_wconf 84' lang='lat' dir='ltr'><strong>igne</strong></span> <span class='ocrx_word' id='word_1_226' title='bbox 823 2143 982 2214; x_wconf 76' lang='lat' dir='ltr'><strong>combustis,</strong></span> 
     </span>
    </p>

    <p class='ocr_par' dir='ltr' id='par_1_11' title="bbox 139 2214 738 2294">
     <span class='ocr_line' id='line_1_27' title="bbox 139 2214 738 2294; baseline -0.002 -16"><span class='ocrx_word' id='word_1_227' title='bbox 139 2235 206 2282; x_wconf 84' lang='lat' dir='ltr'><strong>nam</strong></span> <span class='ocrx_word' id='word_1_228' title='bbox 220 2221 265 2279; x_wconf 90' lang='lat' dir='ltr'><strong>hic</strong></span> <span class='ocrx_word' id='word_1_229' title='bbox 280 2215 383 2280; x_wconf 85' lang='lat' dir='ltr'><strong>calcem</strong></span> <span class='ocrx_word' id='word_1_230' title='bbox 397 2218 486 2278; x_wconf 89' lang='lat' dir='ltr'><strong>albam</strong></span> <span class='ocrx_word' id='word_1_231' title='bbox 494 2214 586 2277; x_wconf 85' lang='lat' dir='ltr'><strong>seciam</strong></span> <span class='ocrx_word' id='word_1_232' title='bbox 599 2219 738 2294; x_wconf 68' lang='lat' dir='ltr'><strong>gerstete:</strong></span> 
     </span>
    </p>

    <p class='ocr_par' dir='ltr' id='par_1_12' title="bbox 135 2296 981 3172">
     <span class='ocr_line' id='line_1_28' title="bbox 173 2296 981 2376; baseline 0.005 -20"><span class='ocrx_word' id='word_1_233' title='bbox 173 2299 317 2359; x_wconf 82' lang='lat' dir='ltr'><strong>Secundo:</strong></span> <span class='ocrx_word' id='word_1_234' title='bbox 342 2300 397 2354; x_wconf 85' lang='lat' dir='ltr'><strong>Ars</strong></span> <span class='ocrx_word' id='word_1_235' title='bbox 409 2297 569 2367; x_wconf 64' lang='lat' dir='ltr'><strong>Ratiaria,</strong></span> <span class='ocrx_word' id='word_1_236' title='bbox 585 2296 639 2376; x_wconf 76' lang='lat' dir='ltr'><strong>qui</strong></span> <span class='ocrx_word' id='word_1_237' title='bbox 653 2311 710 2356; x_wconf 86' lang='lat' dir='ltr'><strong>arte</strong></span> <span class='ocrx_word' id='word_1_238' title='bbox 722 2297 981 2376; x_wconf 66' lang='lat' dir='ltr'><strong>intelliganobilism</strong></span> 
     </span>
     <span class='ocr_line' id='line_1_29' title="bbox 139 2373 979 2454; baseline 0.005 -18"><span class='ocrx_word' id='word_1_239' title='bbox 139 2383 218 2437; x_wconf 86' lang='lat' dir='ltr'><strong>mum</strong></span> <span class='ocrx_word' id='word_1_240' title='bbox 233 2377 299 2438; x_wconf 92' lang='lat' dir='ltr'><strong>illud</strong></span> <span class='ocrx_word' id='word_1_241' title='bbox 311 2379 457 2437; x_wconf 89' lang='lat' dir='ltr'><strong>inventum</strong></span> <span class='ocrx_word' id='word_1_242' title='bbox 471 2378 626 2436; x_wconf 89' lang='lat' dir='ltr'><strong>humanum</strong></span> <span class='ocrx_word' id='word_1_243' title='bbox 640 2418 650 2445; x_wconf 86' lang='lat'>‚</span> <span class='ocrx_word' id='word_1_244' title='bbox 670 2394 729 2454; x_wconf 93' lang='lat' dir='ltr'><strong>quo</strong></span> <span class='ocrx_word' id='word_1_245' title='bbox 743 2378 851 2447; x_wconf 88' lang='lat' dir='ltr'><strong>lanam,</strong></span> <span class='ocrx_word' id='word_1_246' title='bbox 864 2373 979 2440; x_wconf 85' lang='lat' dir='ltr'><strong>seticum</strong></span> 
     </span>
     <span class='ocr_line' id='line_1_30' title="bbox 137 2452 981 2536; baseline 0.004 -22"><span class='ocrx_word' id='word_1_247' title='bbox 137 2459 167 2514; x_wconf 71' lang='grc' dir='ltr'>ἃ</span> <span class='ocrx_word' id='word_1_248' title='bbox 183 2456 278 2516; x_wconf 86' lang='lat' dir='ltr'><strong>similia</strong></span> <span class='ocrx_word' id='word_1_249' title='bbox 303 2455 463 2533; x_wconf 88' lang='lat' dir='ltr'><strong>hujusmodi</strong></span> <span class='ocrx_word' id='word_1_250' title='bbox 487 2455 572 2514; x_wconf 86' lang='lat' dir='ltr'><strong>lintea</strong></span> <span class='ocrx_word' id='word_1_251' title='bbox 593 2455 790 2533; x_wconf 76' lang='lat' dir='ltr'><strong>ilulgentiffimis</strong></span> <span class='ocrx_word' id='word_1_252' title='bbox 810 2457 841 2516; x_wconf 89' lang='lat'>&amp;</span> <span class='ocrx_word' id='word_1_253' title='bbox 866 2452 981 2536; x_wconf 83' lang='lat' dir='ltr'><strong>splendi-</strong></span> 
     </span>
     <span class='ocr_line' id='line_1_31' title="bbox 139 2524 979 2612; baseline 0.002 -18"><span class='ocrx_word' id='word_1_254' title='bbox 139 2535 249 2611; x_wconf 77' lang='lat' dir='ltr'><strong>diffiniit</strong></span> <span class='ocrx_word' id='word_1_255' title='bbox 263 2535 399 2595; x_wconf 88' lang='lat' dir='ltr'><strong>coloribus</strong></span> <span class='ocrx_word' id='word_1_256' title='bbox 419 2535 458 2592; x_wconf 89' lang='lat' dir='ltr'><strong>tin</strong></span> <span class='ocrx_word' id='word_1_257' title='bbox 498 2545 551 2603; x_wconf 92' lang='lat' dir='ltr'><strong>nt,</strong></span> <span class='ocrx_word' id='word_1_258' title='bbox 571 2531 634 2592; x_wconf 81' lang='lat' dir='ltr'><strong>ltaec</strong></span> <span class='ocrx_word' id='word_1_259' title='bbox 651 2524 751 2612; x_wconf 85' lang='lat' dir='ltr'><strong>absque</strong></span> <span class='ocrx_word' id='word_1_260' title='bbox 770 2535 887 2593; x_wconf 72' lang='lat' dir='ltr'><strong>Chemii</strong></span> <span class='ocrx_word' id='word_1_261' title='bbox 902 2538 979 2598; x_wconf 89' lang='lat' dir='ltr'><strong>nullo</strong></span> 
     </span>
     <span class='ocr_line' id='line_1_32' title="bbox 138 2612 980 2690; baseline -0.006 -15"><span class='ocrx_word' id='word_1_262' title='bbox 138 2616 229 2675; x_wconf 89' lang='lat' dir='ltr'><strong>modo</strong></span> <span class='ocrx_word' id='word_1_263' title='bbox 242 2612 362 2682; x_wconf 62' lang='lat' dir='ltr'><strong>exerceri</strong></span> <span class='ocrx_word' id='word_1_264' title='bbox 384 2616 435 2688; x_wconf 83' lang='lat' dir='ltr'><strong>pot</strong></span> <span class='ocrx_word' id='word_1_265' title='bbox 480 2655 489 2682; x_wconf 92' lang='lat'>,</span> <span class='ocrx_word' id='word_1_266' title='bbox 507 2619 585 2689; x_wconf 88' lang='lat' dir='ltr'><strong>patet</strong></span> <span class='ocrx_word' id='word_1_267' title='bbox 604 2612 692 2684; x_wconf 74' lang='lat' dir='ltr'><strong>clare,</strong></span> <span class='ocrx_word' id='word_1_268' title='bbox 711 2623 776 2672; x_wconf 87' lang='lat' dir='ltr'><strong>nam</strong></span> <span class='ocrx_word' id='word_1_269' title='bbox 796 2613 875 2673; x_wconf 87' lang='lat' dir='ltr'><strong>color</strong></span> <span class='ocrx_word' id='word_1_270' title='bbox 885 2613 980 2690; x_wconf 73' lang='lat' dir='ltr'><strong>lulligo</strong></span> 
     </span>
     <span class='ocr_line' id='line_1_33' title="bbox 138 2685 981 2774; baseline -0.002 -20"><span class='ocrx_word' id='word_1_271' title='bbox 138 2694 329 2754; x_wconf 83' lang='lat' dir='ltr'><strong>celeberrimus</strong></span> <span class='ocrx_word' id='word_1_272' title='bbox 342 2685 747 2774; x_wconf 66' lang='lat' dir='ltr'><strong>solumaslhemliptodueitur</strong></span> <span class='ocrx_word' id='word_1_273' title='bbox 780 2690 981 2768; x_wconf 74' lang='lat' dir='ltr'><strong>praetetelnul-</strong></span> 
     </span>
     <span class='ocr_line' id='line_1_34' title="bbox 136 2768 978 2848; baseline -0.001 -16"><span class='ocrx_word' id='word_1_274' title='bbox 136 2773 276 2835; x_wconf 86' lang='lat' dir='ltr'><strong>licolores</strong></span> <span class='ocrx_word' id='word_1_275' title='bbox 289 2769 361 2832; x_wconf 84' lang='lat' dir='ltr'><strong>lanae</strong></span> <span class='ocrx_word' id='word_1_276' title='bbox 375 2769 421 2827; x_wconf 90' lang='lat' dir='ltr'><strong>vel</strong></span> <span class='ocrx_word' id='word_1_277' title='bbox 432 2768 518 2830; x_wconf 83' lang='lat' dir='ltr'><strong>serico</strong></span> <span class='ocrx_word' id='word_1_278' title='bbox 539 2769 679 2830; x_wconf 85' lang='lat' dir='ltr'><strong>adhaerere</strong></span> <span class='ocrx_word' id='word_1_279' title='bbox 694 2789 732 2848; x_wconf 91' lang='lat' dir='ltr'><strong>po</strong></span> <span class='ocrx_word' id='word_1_280' title='bbox 754 2782 824 2840; x_wconf 80' lang='lat' dir='ltr'><strong>unt,</strong></span> <span class='ocrx_word' id='word_1_281' title='bbox 843 2771 907 2848; x_wconf 87' lang='lat' dir='ltr'><strong>quin</strong></span> <span class='ocrx_word' id='word_1_282' title='bbox 923 2773 978 2831; x_wconf 87' lang='lat' dir='ltr'><strong>fer·</strong></span> 
     </span>
     <span class='ocr_line' id='line_1_35' title="bbox 137 2843 976 2929; baseline -0.001 -18"><span class='ocrx_word' id='word_1_283' title='bbox 137 2855 274 2914; x_wconf 88' lang='lat' dir='ltr'><strong>mentatio</strong></span> <span class='ocrx_word' id='word_1_284' title='bbox 282 2843 428 2926; x_wconf 63' lang='lat' dir='ltr'><strong>praegressa,</strong></span> <span class='ocrx_word' id='word_1_285' title='bbox 440 2847 539 2916; x_wconf 87' lang='lat' dir='ltr'><strong>fuerit,</strong></span> <span class='ocrx_word' id='word_1_286' title='bbox 557 2865 622 2926; x_wconf 84' lang='lat' dir='ltr'><strong>quae</strong></span> <span class='ocrx_word' id='word_1_287' title='bbox 636 2867 704 2926; x_wconf 86' lang='lat' dir='ltr'><strong>pure</strong></span> <span class='ocrx_word' id='word_1_288' title='bbox 717 2850 852 2909; x_wconf 86' lang='lat' dir='ltr'><strong>Chemica</strong></span> <span class='ocrx_word' id='word_1_289' title='bbox 866 2849 907 2908; x_wconf 89' lang='lat' dir='ltr'><strong>est.</strong></span> <span class='ocrx_word' id='word_1_290' title='bbox 915 2867 942 2909; x_wconf 87' lang='lat' dir='ltr'><strong>v:</strong></span> <span class='ocrx_word' id='word_1_291' title='bbox 949 2867 976 2929; x_wconf 79' lang='lat' dir='ltr'><strong>g:</strong></span> 
     </span>
     <span class='ocr_line' id='line_1_36' title="bbox 136 2925 977 3008; baseline 0 -18"><span class='ocrx_word' id='word_1_292' title='bbox 136 2926 158 2990; x_wconf 82' lang='lat' dir='ltr'><strong>fi</strong></span> <span class='ocrx_word' id='word_1_293' title='bbox 173 2934 251 2993; x_wconf 91' lang='lat' dir='ltr'><strong>color</strong></span> <span class='ocrx_word' id='word_1_294' title='bbox 258 2929 338 2990; x_wconf 84' lang='lat' dir='ltr'><strong>ruber</strong></span> <span class='ocrx_word' id='word_1_295' title='bbox 344 2925 505 2988; x_wconf 84' lang='lat' dir='ltr'><strong>concilietur</strong></span> <span class='ocrx_word' id='word_1_296' title='bbox 512 2927 598 2986; x_wconf 88' lang='lat' dir='ltr'><strong>setico</strong></span> <span class='ocrx_word' id='word_1_297' title='bbox 611 2926 670 2988; x_wconf 89' lang='lat' dir='ltr'><strong>duo</strong></span> <span class='ocrx_word' id='word_1_298' title='bbox 678 2928 852 3005; x_wconf 84' lang='lat' dir='ltr'><strong>requiruntur</strong></span> <span class='ocrx_word' id='word_1_299' title='bbox 867 2926 977 3008; x_wconf 82' lang='lat' dir='ltr'><strong>semper.</strong></span> 
     </span>
     <span class='ocr_line' id='line_1_37' title="bbox 135 3005 976 3086; baseline -0.001 -17"><span class='ocrx_word' id='word_1_300' title='bbox 135 3007 254 3072; x_wconf 83' lang='lat' dir='ltr'><strong>Primb:</strong></span> <span class='ocrx_word' id='word_1_301' title='bbox 281 3020 313 3068; x_wconf 90' lang='lat' dir='ltr'><strong>ut</strong></span> <span class='ocrx_word' id='word_1_302' title='bbox 337 3008 512 3086; x_wconf 84' lang='lat' dir='ltr'><strong>pigmentum</strong></span> <span class='ocrx_word' id='word_1_303' title='bbox 532 3005 686 3078; x_wconf 84' lang='lat' dir='ltr'><strong>habeatur,</strong></span> <span class='ocrx_word' id='word_1_304' title='bbox 712 3005 849 3068; x_wconf 86' lang='lat' dir='ltr'><strong>secundo:</strong></span> <span class='ocrx_word' id='word_1_305' title='bbox 867 3019 896 3066; x_wconf 87' lang='lat' dir='ltr'><strong>ut</strong></span> <span class='ocrx_word' id='word_1_306' title='bbox 914 3007 976 3069; x_wconf 83' lang='lat' dir='ltr'><strong>illud</strong></span> 
     </span>
     <span class='ocr_line' id='line_1_38' title="bbox 135 3083 975 3172; baseline -0.004 -25"><span class='ocrx_word' id='word_1_307' title='bbox 135 3091 310 3172; x_wconf 70' lang='lat' dir='ltr'><strong>pigmentum</strong></span> <span class='ocrx_word' id='word_1_308' title='bbox 324 3088 410 3147; x_wconf 81' lang='lat' dir='ltr'><strong>serico</strong></span> <span class='ocrx_word' id='word_1_309' title='bbox 423 3083 578 3162; x_wconf 78' lang='lat' dir='ltr'><strong>adhaereat,</strong></span> <span class='ocrx_word' id='word_1_310' title='bbox 597 3085 654 3144; x_wconf 90' lang='lat' dir='ltr'><strong>hoc</strong></span> <span class='ocrx_word' id='word_1_311' title='bbox 672 3097 822 3171; x_wconf 74' lang='lat' dir='ltr'><strong>utrumque</strong></span> <span class='ocrx_word' id='word_1_312' title='bbox 836 3103 851 3145; x_wconf 93' lang='lat' dir='ltr'><strong>a</strong></span> <span class='ocrx_word' id='word_1_313' title='bbox 864 3085 975 3152; x_wconf 79' lang='lat' dir='ltr'><strong>Chemia</strong></span> 
     </span>
    </p>
   </div>
   <div class='ocr_carea' id='block_1_2' title="bbox 913 3177 977 3246">
    <p class='ocr_par' dir='ltr' id='par_1_13' title="bbox 913 3177 977 3246">
     <span class='ocr_line' id='line_1_39' title="bbox 913 3177 977 3246; baseline 0 0"><span class='ocrx_word' id='word_1_314' title='bbox 913 3177 977 3246; x_wconf 67' lang='lat' dir='ltr'><strong>ten</strong></span> 
     </span>
    </p>
   </div>
   <div class='ocr_carea' id='block_1_3' title="bbox 0 0 1038 3676">
    <p class='ocr_par' dir='ltr' id='par_1_14' title="bbox 0 0 1038 3676">
     <span class='ocr_line' id='line_1_40' title="bbox 0 0 1038 3676; baseline 0 0"><span class='ocrx_word' id='word_1_315' title='bbox 0 0 1038 3676; x_wconf 95' lang='lat' dir='ltr'><strong> </strong></span> 
     </span>
    </p>
   </div>
  </div>
 </body>
</html>
