2068 3676
271 219 692 311 CHEMIAE.
849 231 907 318 163

57 345 105 403 ant,
124 332 307 411 reliquaque
330 323 414 386 malla
435 347 526 404 pauco
541 329 674 404 temporis
692 327 778 405 spatio
791 328 907 389 transeat

57 411 193 470 isaurum
218 425 334 486 purum
340 430 349 474 ;
371 425 446 471 nune
464 407 547 476 illud,
568 407 647 484 quod
665 406 701 465 sic
720 409 828 467 metalla
841 426 904 469 mu·

46 477 96 558 rtlt,
118 501 233 550 vocant
249 485 384 564 Lepidm
401 483 627 563 Philtfipborum.
692 499 695 512 ·

78 570 155 645 Quid
179 568 322 628 dicemus
343 564 378 623 de
398 564 452 622 hle
474 561 552 623 tertii
565 561 643 622 arte?
663 562 790 641 anplane
805 563 901 626 litim·

50 648 183 717 pollibflis,
204 647 281 724 quis
301 641 418 704 dixerit?
437 642 498 702 sunt
518 655 562 702 tot
582 642 738 703 testimonia
759 643 901 716 virorum,
1004 692 1007 700 .

49 727 86 798 qn'
101 728 131 786 in
152 724 284 804 reliquis
303 723 449 790 omnibus,
469 722 515 780 ubi
528 721 640 799 intelligi
655 719 781 800 poliunt,
800 721 902 782 veriffi—

48 816 84 861 na
94 804 265 873 dixerunt,
283 803 322 862 ita
336 813 369 858 ut
381 799 505 875 videatur
516 801 630 878 injuria,
650 801 741 863 dicere
754 819 803 861 eos
821 819 902 862 men·

48 879 101 940 titos
118 883 201 954 effe,
228 885 266 942 &
286 879 350 939 falsa
367 877 519 948 tradidille,
543 897 610 940 nam
629 879 650 940 fi
668 882 772 960 reliqua
794 883 900 958 experi-
1000 927 1003 938 .

51 973 129 1022 nem
143 981 226 1042 quae
243 957 375 1027 tradunt,
392 959 546 1028 examinas,
566 957 646 1036 plane
660 972 817 1038 congruunt
829 963 899 1021 veri·

16 1094 18 1123 ,
56 1039 100 1122 tati
113 1040 147 1102 lie
173 1039 381 1116 fiRogeriurn
393 1038 552 1108 Baconern,
572 1037 696 1100 Gebrum
710 1041 814 1117 legiris,
833 1057 898 1100 orn·

56 1127 101 1185 sn,
115 1139 189 1199 quae
204 1120 382 1196 loquuntur,
402 1129 501 1192 praeter
513 1116 648 1193 Lapidem
667 1119 897 1196 Philosophorum

16 1187 19 1306 s
52 1197 177 1260 Vffl'ffima
203 1199 323 1267 dicunt,
342 1195 381 1256 nil
400 1196 457 1254 fuci
480 1195 600 1267 addunt,
625 1198 762 1276 quamdiu
782 1215 835 1274 ego
849 1193 915 1258 eos'

16 1309 17 1320 ,
51 1280 116 1343 pom
136 1277 286 1356 persequi.
304 1275 341 1334 fic
363 1272 474 1343 dieunt,
494 1275 531 1334 est
549 1277 629 1353 lupus
649 1279 786 1340 interum
800 1277 896 1337 naturi

52 1347 89 1409 stu
101 1356 265 1418 devorator
277 1354 408 1416 omnium
422 1355 571 1414 liberorum
585 1369 703 1432 excepto
711 1355 783 1426 sole,
804 1353 841 1412 est
854 1373 897 1414 re-

54 1431 104 1492 ven
121 1434 343 1502 antimonium,
363 1433 439 1510 quod
453 1435 549 1492 omnia
564 1435 673 1494 metalla
687 1433 794 1510 perdit,
814 1433 844 1492 δι
855 1433 896 1492 se·

51 1521 105 1570 tum
119 1517 199 1592 rapit
218 1525 340 1590 excepto
358 1511 432 1581 sole,
451 1511 479 1568 sr-
492 1513 548 1569 hoc
569 1511 720 1586 nescirem,
744 1513 775 1570 ὃ(
794 1510 896 1572 diceres

54 1589 109 1650 uni
127 1605 284 1672 argentum
309 1590 347 1650 est
361 1589 449 1649 lixum
463 1590 491 1647 in
505 1590 582 1648 omni
595 1590 660 1666 igne
674 1589 804 1665 &potest
817 1591 897 1650 fundi

54 1679 107 1729 tum
127 1673 267 1734 omnibus
287 1670 427 1738 metallis,
454 1669 484 1731 ὃς
503 1685 619 1726 omnem
637 1669 732 1743 ignem
752 1667 896 1737 sustinere,

19 1771 20 1782 ¹
55 1747 108 1818 uun
119 1769 174 1827 per
188 1751 261 1812 diros
276 1749 384 1808 menses
396 1749 425 1804 in
438 1746 548 1802 summo
562 1745 626 1818 igne
639 1745 736 1826 nolles
749 1757 832 1822 atque
838 1743 895 1805 dies

54 1818 228 1901 liquefactum
242 1845 341 1906 parum
357 1833 467 1884 tantum
482 1821 516 1880 de
529 1821 670 1882 substantii
687 1823 803 1894 amittit,
823 1842 895 1894 non-

53 1915 81 1960 ne
91 1905 330 1970 crederemhoc?
349 1903 395 1963 sed
407 1901 428 1964 fi
442 1902 507 1960 alius
521 1901 633 1962 adderet
645 1903 755 1980 triplum
772 1903 895 1982 velqua-

56 1977 173 2061 druplurn
188 1984 353 2054 amimonii,
374 1985 404 2042 ὃ(
417 1981 530 2058 agitaret
543 1981 625 2050 folle,
647 1983 676 2042 &
690 1982 813 2044 viderem
828 2003 892 2044 om-

19 1969 21 2010 l

17 2011 20 2091 l

17 2096 19 2116 ‚
56 2073 85 2117 ue
95 2081 243 2144 argentum
264 2062 442 2131 evanescere,
462 2059 556 2120 nonne
572 2062 712 2122 crederem
726 2063 783 2122 hoc
795 2079 894 2139 repug-

15 2138 20 2217 l
54 2152 109 2200 ture
128 2159 258 2212 naturae,
279 2157 369 2219 quum
392 2156 535 2218 nunquam
555 2138 641 2220 simile
661 2139 728 2218 quid
748 2141 891 2210 videram,

16 2224 19 2304 p*
56 2214 84 2275 fit
101 2227 185 2286 etiam
208 2237 309 2283 verum
323 2219 362 2278 est
376 2219 411 2278 de
424 2232 509 2289 auro,
529 2217 607 2296 quod
618 2219 670 2296 ‘per
682 2221 775 2295 ignem
790 2221 892 2280 collec-

16 2307 17 2357 l
55 2305 104 2358 uni
115 2322 166 2380 per
180 2295 513 2371 vitraTschirnhaustana
530 2295 633 2356 Parisiis
649 2299 710 2364 ,δια
725 2300 809 2358 unico
825 2318 889 2360 mo·

17 2370 19 2460 l
56 2390 142 2443 mento
164 2381 307 2458 diffipatur
329 2380 360 2437 ὃ(
377 2379 406 2436 in
418 2377 521 2436 vitrum
534 2377 712 2437 convertitur.
732 2377 839 2438 finunc
854 2397 889 2438 ex

15 2473 18 2561 p
53 2469 110 2518 turo
128 2459 242 2539 poffem
257 2473 349 2535 parare
361 2457 454 2535 ignem
467 2455 681 2528 subtiliffimum,
698 2459 890 2518 concentratis-
946 2467 950 2475 “

16 2563 19 2596 1,
53 2529 165 2610 finum,
179 2539 229 2630 qui
243 2536 330 2596 unico
344 2536 493 2596 momento
509 2552 543 2593 ex
559 2536 673 2596 metalis
686 2535 890 2612 separaretom·

53 2625 82 2671 ne
100 2619 170 2679 llud
192 2633 351 2691 impurum,
370 2616 435 2692 quia
457 2616 606 2674 mercurius
628 2615 665 2674 est
679 2614 889 2676 bafismetallo-
950 2614 962 2648 ‘-

15 2720 16 2744 i
52 2703 105 2755 rum
120 2699 154 2756 &
167 2695 278 2772 sulphur
292 2693 454 2771 coagulans‚
464 2694 666 2754 &comburere
678 2691 784 2774 polleni
809 2694 888 2771 quod

15 2751 18 2786 i
52 2784 101 2833 non
121 2774 163 2835 est
177 2789 295 2840 aurum,
314 2787 350 2832 an
366 2789 423 2830 non
438 2773 494 2832 hoe
508 2773 598 2832 modo
613 2769 721 2850 pollem'
736 2775 827 2831 facere
840 2790 889 2833 au-

51 2863 122 2922 rum,
146 2855 178 2912 ὅτ
198 2850 235 2909 lic
256 2850 351 2910 dieunt
371 2850 548 2910 Alche'mistae
566 2851 593 2909 se
606 2851 662 2910 hoe
675 2851 765 2910 modo
779 2852 888 2920 facere,

52 2932 122 3004 quod
149 2941 248 2990 natura
275 2947 323 3006 per
344 2930 552 2989 multosannos
572 2931 602 2988 δι
622 2945 671 3007 per
689 2929 786 2988 saeeula
807 2928 888 2998 facit,

52 3021 111 3069 narn
125 3007 274 3091 plumbum
289 3009 430 3067 &aurum
444 3022 503 3067 non
517 3008 636 3068 multum
651 3006 782 3068 differunt
795 3005 894 3083 quoad‘

51 3087 174 3158 pondus,
194 3103 260 3166 ergo
281 3085 324 3156 id,
343 3086 422 3164 quod
439 3086 603 3164 inflplumbo
624 3085 662 3145 est
679 3091 779 3162 praeter
792 3101 890 3163 argen.

51 3173 110 3224 tum
120 3165 223 3224 ,vivum
236 3165 267 3223 &
279 3181 376 3224 aurum
391 3165 472 3225 debet
484 3163 538 3226 effe
551 3163 632 3226 valde
647 3175 745 3240 parum
755 3177 844 3234 ,nunc
858 3167 887 3225 in

51 3242 131 3302 omni
144 3238 226 3309 mall
237 3241 343 3322 plumbi
351 3242 438 3306 haeret
449 3244 556 3383 simper
568 3241 674 3321 aliquid·
692 3239 765 3312 auri,
783 3241 828 3302 sed
841 3258 893 3317 pa-

504 3339 521 3381 ι
697 3373 700 3379 Α
753 3339 756 3348 ¹
832 3333 897 3378 tutu
