2048 3638
231 144 257 203 C
292 143 324 202 H
358 144 383 202 li
422 151 461 204 Μ
496 147 514 204 1
548 149 600 210 AE.
792 151 850 232 '237

7 258 114 320 :alino
131 290 143 322 ‚
172 247 252 312 unde·
258 247 448 388 fipeileveratio
462 248 519 344 filt.
532 251 744 314 dramatiolritr
770 251 818 313 seal
829 251 854 314 tt

7 340 59 400 les
83 335 157 396 sales
178 340 301 409 oppon
334 328 394 392 suas
418 330 592 392 ebulltuones
612 342 799 410 peragerent,
824 347 859 390 ac

7 434 75 478 unc
92 413 203 475 videtis
219 450 229 480 ,
255 425 290 468 ex
305 409 443 470 ambobus
457 409 500 468 his
520 411 695 490 liquoribus,
725 407 861 470 innostro

7 511 151 574 orpore,
178 495 318 552 orirentur
332 489 378 550 vel
392 501 542 561 tumores,
574 491 621 550 vel
645 493 742 566 ingens
760 488 861 550 destru-

7 577 61 636 tio
78 573 271 634 minimorum
287 566 430 628 innostro
447 583 565 646 corpore
578 569 717 630 vasorum.
733 568 802 628 Hoc
816 580 860 627 to·

7 673 67 716 um
84 651 126 712 est
144 649 223 730 quod
237 647 272 708 de
288 646 348 716 sero
362 646 497 724 sanguinis
512 648 567 709 dict
583 648 681 726 potest.

45 831 421 934 rnocrssus
483 829 828 944 vicesimus

192 1043 221 1062 „
277 970 636 1106 obturor·
744 969 745 973 ψ

88 1187 92 1192 ’
156 1215 295 1330 Ιδενιινη
315 1213 495 1329 digestum
506 1217 726 1326 putrescit,
749 1253 765 1284 x

23 1478 53 1543 ς.
79 1486 107 1526 1.
161 1466 170 1524 i
194 1465 270 1524 idem
284 1463 374 1524 serum
391 1466 505 1525 fovetur
513 1461 607 1524 calore
623 1465 746 1542 corporis
760 1464 814 1524 sanl
824 1481 873 1540 per
952 1455 956 1460 ’

109 1469 284 1622 Striduum
298 1545 327 1603 in
348 1544 438 1621 phiall
462 1541 516 1604 alta
539 1543 692 1610 chemtct,
718 1542 750 1603 fit
772 1541 875 1603 affidue
973 1615 978 1626 1

163 1623 287 1693 tenuius,
304 1635 336 1682 ut
350 1624 429 1684 instar
443 1641 525 1702 aquae
541 1619 625 1691 fluat,
637 1625 667 1682 δι
682 1622 822 1700 putridum
832 1625 875 1692 fit,

21 1703 119 1784 spatio
134 1717 287 1778 paucorum
302 1701 429 1772 dierum,
456 1705 487 1762 δι
501 1715 569 1761 tunc
586 1699 658 1762 adeo
674 1703 711 1762 est
729 1703 876 1762 alcalinum
937 1755 939 1759 ,

25 1779 172 1846 redditum
193 1820 203 1850 ,
236 1791 267 1841 ut
284 1797 350 1840 cum
373 1782 456 1842 acidIs
481 1778 675 1840 violentiflime
696 1778 880 1848 effervescat;

27 1857 148 1942 ejusque
162 1861 325 1922 oleumtam
335 1861 465 1923 faetidum
480 1859 619 1920 redditum
630 1859 684 1934 est,
700 1872 732 1921 ut
743 1859 807 1920 ferri
820 1876 881 1918 non

22 1939 128 2022 'poffita
143 1997 167 2015 ¹,
382 2011 384 2017 Α
860 1952 863 1965 ’

77 2023 104 2088 §.
120 2037 146 2078 2.
168 2019 197 2079 Si
211 2030 278 2079 tunc
293 2017 468 2079 destillationi
483 2025 636 2101 applicetur
652 2061 661 2090 ‚
687 2017 776 2080 statim
798 2017 883 2078 salem

33 2099 182 2162 volatilem
199 2097 347 2158 alcalinum
364 2093 457 2174 primo
472 2103 659 2178 prodeuntem
677 2099 884 2165 exhibenareo

32 2182 128 2242 serum
143 2177 277 2256 sanguinis
293 2173 467 2237 in‘omnibus
487 2179 577 2244 limile
599 2179 637 2240 est
658 2176 796 2238 albumini
811 2174 892 2236 oroi

37 2277 116 2321 rum.

83 2346 145 2414 Μ.
168 2333 248 2394 Hinc
265 2333 415 2402 cernimus,
430 2337 510 2416 quod
525 2338 593 2400 lenis
608 2349 689 2414 tepor
707 2333 884 2412 coagulatum

38 2418 206 2494 sanguinem
228 2413 341 2485 solvat,
366 2415 396 2474 &
416 2433 450 2476 ex
474 2436 533 2478 non
558 2417 670 2478 meabili
690 2415 787 2494 reddat
802 2415 889 2476 rursus
994 2473 995 2476 ,

41 2493 213 2561 meabilem,
233 2492 303 2583 sicut
318 2495 449 2556 &fervor
464 2497 553 2576 ipsum
569 2499 657 2559 serum
668 2496 804 2574 coagulat.

84 2573 163 2633 Hinc
177 2571 277 2634 infimti
293 2575 385 2634 morbi
398 2574 473 2636 facili
487 2588 603 2656 negotio
618 2575 836 2656 cognoscuntur,
851 2571 893 2632 uti

46 2657 76 2715 in
92 2648 264 2728 Aphorlsmis
278 2653 348 2713 meis
361 2657 485 2732 practicis
501 2659 596 2718 videre
611 2655 648 2718 eti
664 2675 672 2716 r
691 2654 793 2724 ¹missus
815 2653 893 2712 enim

45 2735 155 2809 sanguis
169 2731 200 2790 ln
222 2731 376 2807 pleuritide,
399 2732 513 2797 sthabet
534 2739 608 2799 illam
631 2749 760 2808 tenacem
775 2731 894 2792 crustam

48 2812 140 2876 albam
155 2809 185 2868 in
199 2807 244 2870 sul
259 2806 399 2887 superficie
412 2813 492 2876 instar
506 2819 577 2876 corii
593 2823 603 2884 3
636 2813 713 2874 illam
728 2811 784 2872 leni
798 2824 897 2886 tepore
1016 2859 1017 2866 ,

49 2909 103 2972 pro
123 2885 249 2948 maximi
269 2887 353 2967 parte
370 2890 469 2953 resolvi
494 2892 728 2972 deprehendimus
745 2889 774 2948 in
798 2888 898 2952 serum.

30 2997 33 3004 ·
51 2973 81 3031 si
93 2979 189 3029 autem
203 2969 265 3028 haec
279 2967 351 3028 adeo
367 2981 449 3032 tenax
466 2990 592 3033 maneret
606 2974 636 3031 in
653 2970 733 3040 vase,
751 2966 903 3039 obstrueret
1016 3001 1017 3022 r

53 3049 120 3111 illud
136 3087 145 3116 ‚
176 3045 447 3126 &compingeretur
470 3052 561 3112 adhuc
583 3051 697 3128 magis,
728 3047 795 3108 hinc
809 3047 904 3106 immi-

56 3147 115 3190 nuo
127 3125 222 3187 saltem
239 3127 377 3205 impetum
395 3145 411 3186 a
428 3143 527 3206 tergo,
556 3126 732 3190 &resolutio
747 3123 778 3184 fit
794 3124 905 3202 sponta-

57 3226 123 3270 nea.
152 3205 402 3282 Sicinphrenitld'e
418 3251 428 3280 ,
454 3210 484 3267 δι
503 3209 530 3268 in
545 3209 678 3271 omnibus
692 3204 796 3267 morbis
811 3203 907 3266 inflam

819 3297 913 3345 mato.
1015 3295 1017 3368 l
