2058 3642
86 195 91 200 ·
282 114 685 233 ennarrans
822 171 914 251 ‘⁸77‘

87 264 120 331 §-
138 281 168 339 ς.
203 259 236 322 ln
252 261 311 323 hoc
329 261 367 323 est
382 261 493 341 sulphur
506 261 852 342 subtiliffimumjmdunr
868 271 911 334 al.

34 343 103 403 cali
122 339 242 404 fixisfimi
259 343 290 403 δε
306 343 434 404 acerrimi
450 343 520 420 parti
543 339 750 414 subtiliffimae,
784 346 861 410 unde
876 351 909 414 fit
933 399 946 422 N

31 423 122 499 sapo‘
133 420 330 492 tenuiffimus,
357 439 425 482 nam
450 422 486 482 ad
503 420 604 498 digitos
625 420 759 482 sentimus
773 426 845 488 vires
858 429 909 490 ab.

36 501 208 578 stergentes.
241 497 323 560 Hrnc
343 503 485 578 egregium
507 498 725 576 estuesolvens‚
753 506 903 580 aperiens,
922 508 924 512 ’

33 593 214 649 attenuans,
230 579 393 651 antaeidum
408 580 555 645 oleosum,
574 577 716 655 optimum
731 582 904 648 menstruum

33 657 174 734 tinduris
189 645 337 736 sulphureis
353 658 520 730 educendis,
537 657 653 736 Myrrha
668 657 745 718 enirn
762 662 792 721 dc
809 664 904 727 Lacca

35 757 115 798 curn
134 755 171 797 eo
187 737 308 815 digesta,
329 737 437 816 optime
452 737 624 818 liquescunt,
645 737 723 798 ut&
739 742 837 803 omnia
852 744 905 806 ob-

33 815 217 878 ffinariffima
232 817 397 893 vegetabilia
413 854 423 888 ‚
448 816 506 878 hoc
520 816 606 877 docet
622 813 681 894 ejus
697 814 905 897 effervescentia

36 916 116 956 curn
131 895 241 967 acidis,
265 897 492 974 &praecipitatio
509 913 576 956 cunr
599 894 658 966 iis,
682 911 745 972 quae
766 897 796 960 in
817 903 902 967 acido

32 975 135 1037 soluta
152 987 242 1036 erant.
283 973 329 1036 Est
353 974 423 1036 verb
446 977 475 1037 in
499 975 578 1052 praxi
599 972 823 1049 pretiofiffimum
841 1000 902 1042 me·

37 1055 258 1125 dicamcntum‚
286 1053 354 1115 ided
370 1053 428 1116 ferd
442 1054 535 1115 fimilis
552 1053 642 1130 potest
654 1053 733 1124 fieri,
750 1055 904 1124 firumitur
1017 1067 1018 1070 ’

38 1133 108 1193 salis
121 1135 214 1193 tartari
229 1135 337 1205 uncia,
357 1133 425 1194 huic
439 1130 698 1211 superaffunduntur
711 1129 818 1210 spiritus
834 1144 900 1206 vini

35 1215 133 1274 uncr'ae
152 1211 301 1284 sedecim,
328 1215 377 1292 qni
401 1212 440 1274 est
461 1213 578 1290 vulgaris
596 1211 636 1270 δι’
650 1209 683 1273 fit
705 1223 723 1292 ᾗ
753 1217 900 1298 impensa-

33 1308 108 1352 rum
159 1304 210 1352 rre.
262 1341 265 1350 ,
683 1335 686 1342 .
986 1343 989 1352 ,

83 1309 158 1439 §.Ida
175 1371 219 1431 Sal
240 1371 270 1431 in
286 1369 375 1433 fundo
397 1386 545 1434 remanens
566 1367 628 1446 post
641 1369 804 1436 diuturnam
820 1373 905 1440 hane'
1017 1399 1018 1408 ¹

32 1447 228 1528 digestionem
246 1452 276 1510 dc
290 1451 417 1512 tindurae
439 1450 621 1510 eductionem
640 1489 650 1518 ,
676 1450 799 1540 multum
814 1455 850 1516 de
868 1477 898 1520 a.

31 1527 182 1590 crimonid
197 1528 244 1589 firi
258 1528 375 1592 alcalina
391 1527 507 1602 amifis,
536 1525 572 1586 ad
585 1525 681 1615 lenem
697 1545 794 1605 ignem
812 1535 897 1600 instar

31 1624 114 1670 cerae
128 1608 209 1678 fluit,
224 1608 290 1670 &fit
304 1611 419 1690 tandem
435 1609 500 1688 sapo
518 1604 650 1668 alcalnus
661 1609 896 1691 'optimumquod

35 1690 72 1747 ὅτ
89 1685 159 1748 olim
184 1690 292 1749 notavit
315 1691 411 1761 Clarus
427 1687 575 1767 Boyleus,
601 1700 668 1744 narn
694 1685 732 1747 sal
753 1688 800 1752 ille
816 1709 894 1756 carus

33 1767 79 1827 est
97 1805 108 1837 ,
125 1767 157 1826 &
171 1783 230 1844 quo
246 1767 346 1832 diutius
361 1775 428 1831 curn
441 1763 572 1830 alcohole
588 1759 696 1839 digeffit
713 1802 724 1833 ‚
752 1767 789 1828 ed
802 1776 893 1850 magis

30 1847 211 1924 saponaceus
229 1847 290 1918 est,
321 1849 358 1911 sal
374 1847 449 1910 ,verd
466 1845 544 1908 aliter
564 1839 729 1903 difficillimd
754 1846 890 1926 liquescis.

31 1921 168 2003 Quando
184 1925 244 2003 Jam
266 1929 445 2004 prescribitur
476 1926 522 1995 in¹
540 1921 781 2013 pharmacopoliis
819 1929 895 1991 Tin·

31 2005 127 2145 {iffi
139 2003 199 2066 salia
220 2007 313 2068 tartari
342 2005 507 2070 Helmontii
529 2043 540 2074 ,
568 1998 700 2066 videmus
722 2005 812 2099 gunfis
835 2009 890 2074 effe

56 2101 73 2143 e
129 2105 149 2147 s
