2048 3638
232 133 261 202 C
298 133 391 212 RB:
423 135 460 212 ,Μ
498 135 515 192 t
548 137 614 210 AB·
814 137 880 204 261.

62 230 109 292 13¹.
129 207 262 283 Siborax,
278 211 310 272 fit
323 213 400 294 idern
418 209 467 292 nili
481 213 559 294 qnod
570 214 648 293 *nulla
663 205 773 284 solutio,
829 223 833 230 '
874 221 879 230 '
926 263 929 271 .

54 293 135 370 Ergo
149 290 186 351 sal
209 293 430 372 ammoniacus,
456 291 492 352 sal
502 294 641 374 marinus,
666 293 702 353 sal
717 289 842 371 gem'mae
859 336 868 364 ,

16 371 53 432 sal
61 372 146 438 nitri,
165 371 250 432 borax
259 373 314 432 &o
329 372 396 432 sunt'
404 371 488 439 sales,
508 374 558 451 qui
569 415 578 444 ‚
590 371 677 432 srnon
686 373 808 450 etaltati
822 372 872 452 ad·

20 452 176 514 miscentur
190 451 285 510 nostris
299 450 409 530 liquidis
431 497 439 524 ,
468 468 528 509 non
545 451 634 511 solum
658 452 692 510 iis
709 451 880 529 permisceo·-

20 543 65 590 tur
83 538 214 604 acinunc
229 530 355 599 videtis,
380 527 425 608 sed
452 530 537 608 eriam
559 525 606 606 suri
624 527 763 612 rigiditate
785 530 872 606 solida

21 607 345 684 stimulant,imoetiam
362 608 521 668 corrodunt.
647 615 653 628 “
779 619 782 627 ’
869 611 880 640 ’·’

63 707 108 762 14.
131 687 160 744 Si
196 683 355 764 enniscetur
369 686 474 766 spiritus
487 686 544 746 salis
553 686 671 754 marini,
691 683 798 764 integre
806 705 870 748 coa·

19 705 218 844 guratursib
231 767 316 851 longe
325 765 383 825 aliis
397 766 594 846 phlae'nomenis
611 783 698 846 quam
712 763 771 826 aliis
787 768 872 826 acidis

19 845 145 924 pitrioli3
166 847 232 924 lruic
249 845 323 922 addo
340 844 440 928 oleum
457 844 548 923 tartnri
562 847 611 926 per
624 844 778 924 deliquium
795 847 825 905 δι
840 845 873 925 fit

21 925 235 986 effervescentia
251 921 441 1006 sunrmagsed
457 943 516 984 non
531 936 607 984 tanta
621 937 733 988 acante
750 925 872 1004 inprio-

21 1004 117 1077 n'bu'r,
140 1003 228 1082 eique
240 1001 331 1065 sedari
345 1015 520 1079 regeneratus
535 1003 572 1062 eil
587 1003 622 1063 sal
638 1003 768 1062 marinus.

60 1104 108 1161 ις.
139 1085 166 1143 Si
175 1083 339 1143 admiscetur
354 1083 463 1160 spiritus
478 1084 542 1143 nitri
559 1122 569 1151 ‚
598 1101 656 1142 uno
673 1093 825 1142 momento
841 1081 875 1142 fit·

20 1163 175 1246 coagulum
190 1159 453 1232 maximum·ferd,‘
467 1159 554 1244 ae'que'
571 1180 604 1222 ac
639 1179 704 1222 cum
728 1161 794 1222 oleo
820 1163 865 1233 yi-¹

19 1243 96 1301 trioli
112 1285 122 1312 ‚
142 1243 175 1314 ,&
188 1241 305 1323 admisto
322 1241 387 1301 oleo
403 1239 494 1322 tartari
509 1258 558 1319 per
569 1241 734 1320 deliquium,
751 1239 871 1320 liteffer·

18 1319 163 1380 vescentia
181 1323 304 1382 maxima
320 1330 335 1392 ,¹
357 1321 455 1400 edque-
469 1318 564 1380 sedati
580 1321 692 1380 habebis
705 1317 811 1379 nitrum
827 1338 873 1379 re.

38 1412 195 1460 eneratum.
704 1420 707 1426 ·
872 1417 875 1428 ·

17 1417 36 1478 g
60 1481 105 1540 16.
126 1479 155 1538 Si
167 1471 336 1540 'admiscetur
344 1471 381 1532 l'al
389 1471 482 1530 Ebson
499 1471 656 1544 Glawben',
671 1473 716 1532 vel
730 1473 766 1532 sal
782 1473 874 1536 Ebson

20 1548 241 1635 Anglicanum'l,
269 1553 301 1612 fit
323 1549 482 1626 coagulatio
504 1551 654 1615 eademne
669 1569 734 1611 cum
750 1553 815 1612 oleo
830 1555 874 1614 vi·

18 1638 111 1785 ’ῒηῖξῖ
135 1699 244 1769 'sivero
267 1705 431 1768 admiscetur
447 1704 578 1766 lixivium
594 1706 652 1768 salis
666 1687 843 1770 Tacherriani
861 1749 871 1779 ,

18 1811 84 1856 non
101 1788 272 1865 coagulatur,
288 1782 510 1846 sed‘dilsolvitur
525 1787 556 1846 ὅ(
580 1783 692 1847 diluitur
714 1789 742 1847 in
767 1791 872 1854 calore.¹

20 1870 114 1932 Unde
138 1868 266 1927 videmus
288 1865 370 1944 hujus
391 1861 450 1926 salis
468 1863 615 1947 vires'elle
636 1865 741 1926 diluere
765 1868 873 1946 sangui·

19 1944 93 2012 nem
112 1989 122 2020 ,
140 1957 313 2034 tenuemque
327 1943 455 2004 reddere.
512 1943 516 1950 '
563 1943 565 1950 “
644 1942 647 1948 “
699 1943 702 1950 ’
800 1943 804 1952 ’

63 2026 110 2088 18.
132 2025 162 2084 Si
177 2023 327 2106 affunditur
342 2023 446 2104 spiritus
472 2024 545 2086 aceti
566 2025 742 2096 acerrimus,
767 2028 874 2104 integre

21 2102 199 2175 dissolvitur,
220 2105 250 2188 ὃς
266 2099 341 2162 εοηὲ
353 2102 454 2162 'melius
472 2119 558 2186 quarn
572 2103 626 2171 sale
640 2106 769 2186 marino,
785 2107 872 2190 nitroy

20 2187 74 2247 sale
90 2177 238 2265 alcalico²
260 2179 292 2264 β(
313 2174 431 2260 reliquis.
758 2185 762 2196 '
826 2179 872 2212 ‘'²

57 2261 143 2326 Hinc'
163 2259 291 2323 videmus
334 2278 399 2320 uam
422 2261 591 2322 innocenter
604 2263 793 2347 Hippocrates
816 2262 875 2323 ml·

23 2357 105 2420 petur
120 2344 191 2407 dum
206 2337 235 2402 in
253 2279 373 2402 febribus
386 2341 542 2402 ardentibus
560 2382 569 2410 ,
594 2343 623 2402 ὅ(
639 2343 745 2404 morbis
761 2343 812 2403 illis
827 2339 875 2407 ubi

25 2423 134 2502 sanguis
155 2440 172 2481 a
194 2421 303 2480 lentore
326 2420 425 2498 incipit
447 2419 594 2496 stagnare,
622 2423 754 2504 adeoque
769 2422 818 2482 ubi
833 2421 871 2482 est

24 2501 252 2570 dissolvendum,
279 2512 392 2560 acetum
405 2499 558 2582 praescribat
573 2541 582 2570 ,
606 2501 644 2562 est
659 2500 734 2564 cene
748 2521 819 2562 unus
833 2503 877 2562 in·

24 2591 66 2640 ter
86 2581 156 2639 salet
172 2577 270 2640 acidos
295 2579 441 2642 innocuus.
481 2577 530 2640 Ast
556 2579 714 2643 clariffimus
732 2582 877 2642 Homber-
984 2612 987 2618 ,

22 2659 87 2734 gius'
98 2661 132 2720 in
148 2655 214 2739 aslis
231 2656 354 2718 Parismis
368 2658 449 2738 dicit,
460 2655 582 2740 spiritum
600 2665 673 2724 aceti
687 2661 721 2721 ad
736 2661 876 2740 summam

20 2741 223 2798 'meracitatern
238 2733 382 2801 redactum
395 2777 404 2804 ,
417 2733 525 2806 'iterum
545 2741 691 2816 coagulare
704 2738 878 2815 sanguinem,

23 2815 54 2874 br
69 2815 238 2876 crediderim
246 2843 260 2884 ,·
274 2813 356 2892 quod
365 2811 431 2875 sales
446 2813 519 2875 aerdr
533 2833 632 2877 omnes
655 2837 713 2878 non
728 2817 878 2892 coagulent
956 2825 958 2830 '
1015 2883 1016 2900 χ

24 2895 188 2972 sanguinem
206 2935 215 2964 ‚
243 2905 381 2970 quatenus
396 2894 510 2961 acidum
526 2894 629 2964 habent
646 2934 656 2964 ,
683 2894 729 2955 sed
742 2889 878 2972 quatenus

26 2971 252 3049 habentaliquid
261 2971 401 3033 austerum
413 2995 428 3044 ,¹
442 2968 519 3050 quod
537 2971 719 3052 constringat,
739 2973 785 3034 vel
800 2971 880 3055 quqd

26 3049 197 3130 determinat
212 3049 273 3109 illos
287 3061 320 3109 ut
338 3051 532 3130 coagulentur.
897 3099 900 3104 ,

65 3149 109 3212 ¹9·
132 3129 170 3194 Si
184 3125 338 3210 affunditur
351 3129 388 3194 sal
405 3129 526 3268 roqunlis
550 3128 686 3214 nicolas,
715 3141 746 3190 ut
768 3129 831 3271 taliq
850 3143 884 3207 ac
1014 3145 1015 3154 ¹

85 3224 88 3232 ⁴
349 3225 352 3235 ·
499 3223 570 3288 3·
806 3221 878 3268 eurr
