2096 3648
244 143 638 211 curua-radi·
818 152 868 231 185

21 265 58 312 rat
75 253 228 312 cadauera
245 271 260 313 a
275 255 420 331 putredine
438 297 447 324 ,
465 267 496 312 ut
510 252 646 313 balsamus
662 254 802 311 Veterum
822 289 832 316 ‚
851 248 871 306 fi

21 352 86 398 uero
106 333 197 392 ulcus
214 333 249 392 est
264 335 395 394 mundius
410 351 477 392 cum
492 330 563 412 aqud
577 331 645 394 dilui
658 332 762 394 debet;
791 333 821 388 de
834 327 873 392 stc

21 429 50 470 :r
66 429 108 471 eo
119 409 270 487 poffumus
285 414 377 475 facere
390 411 631 470 medicamentum
652 411 872 475 esca'atoticurn,

21 485 879 562 deterfivum,mundificans,cicatrii'ans,coniolidans,ideo·
954 529 972 546 .

21 589 74 648 que
91 583 181 629 curat
198 571 319 646 perferre
342 571 466 650 petiiruas
485 565 613 636 finnus,
635 568 657 628 fi
677 567 767 646 potest
782 567 818 626 ad
832 585 878 625 ea·

21 667 86 708 rum
102 651 236 708 fundum
254 654 418 726 pertingere.
685 657 687 662 ’
800 676 803 688 r

58 730 145 788 Hinc
165 729 286 790 Pradiici
304 731 430 791 dixerunt
452 725 509 786 fere
527 745 653 793 omnes,
683 727 710 785 se
733 724 804 786 veile
827 743 879 800 po·

21 809 74 874 tius
93 827 199 869 carere
215 811 344 874 omnibus
364 823 450 886 quarn
464 807 541 877 hoe,
564 811 594 866 dc
607 823 695 872 nemo
711 847 721 876 ,
755 808 824 884 quin
840 823 877 870 eo

21 901 119 948 utatur
138 889 179 948 ad
198 892 288 951 ulcera
305 883 510 967 antiquissima,
546 889 575 945 &
599 887 634 946 ad
659 889 744 948 caries
772 884 883 950 offium.

20 965 91 1026 ideo
117 968 227 1036 Ruffus
248 969 378 1048 Ephesius
400 966 458 1027 suas
476 967 569 1044 pilulas
589 984 624 1024 ex
645 968 686 1026 his
701 967 825 1028 confecit
839 969 882 1026 in-

22 1046 221 1124 gredientibus
237 1091 246 1120 ‚
275 1049 373 1128 quibus
388 1046 422 1106 nb'
435 1045 667 1122 omniglutinoso
682 1047 809 1114 liberabat
819 1065 884 1112 cor·
923 1105 926 1110 ,

24 1145 95 1202 pora
113 1169 124 1197 ,
157 1127 207 1188 sed
224 1147 288 1188 curn
306 1130 387 1190 vellet
400 1127 623 1196 haemorrhoides
638 1147 673 1188 eo
691 1121 810 1199 curare',
838 1148 882 1202 er-

22 1209 99 1266 ravit
118 1247 128 1274 ‚
158 1226 228 1272 narn
246 1209 435 1270 excitabantur
456 1209 570 1286 euplus
592 1208 626 1266 ab
643 1210 743 1280 Aloe,
769 1208 816 1276 sed
831 1227 883 1269 nec

25 1283 84 1344 hoc
99 1289 227 1358 mirum,
246 1289 357 1366 putabat
371 1288 447 1348 enim
464 1287 520 1348 ilias
537 1290 704 1364 aglutinoso
719 1291 800 1365 oriri„
814 1289 886 1348 Hel·

26 1364 162 1429 montiua
189 1369 306 1432 dicitrad
329 1373 416 1429 vitam
439 1367 554 1448 longam
570 1369 671 1450 requiri
692 1365 886 1427 absterfionem

27 1447 201 1517 succulenti,
216 1448 429 1529 impeditionem
445 1444 652 1524 putrefactionis
668 1483 678 1512 r
697 1451 727 1516 δι
743 1446 889 1506 excitatio-

29 1543 100 1585 nem
118 1527 266 1604 spirituum
283 1527 367 1586 vitae:
386 1527 417 1584 ὃ(
432 1522 516 1599 porro
530 1521 618 1592 dicit,
637 1524 723 1586 solam
730 1525 888 1587 Alo'e'nesse

29 1607 159 1665 unicum
178 1621 311 1679 purgans,
334 1621 400 1680 ergo
415 1603 498 1662 faeces
512 1601 653 1679 abstergit;
674 1608 798 1666 Crocum
815 1609 890 1674 exgj.

30 1695 92 1743 tare
117 1683 228 1758 spiritus
252 1684 317 1742 vitae
331 1679 350 1753 ‚'
369 1679 407 1741 e'st
431 1681 507 1739 enim
530 1679 688 1744 admodum
713 1686 889 1766 exhsslarans,

29 1762 113 1822 unde
130 1759 272 1820 interdum
288 1763 322 1820 ab
345 1760 404 1838 ejus
421 1758 511 1819 nimio
534 1761 582 1819 usu
605 1763 734 1824 homines
756 1765 890 1826 hilaritate
960 1803 962 1808 ν

33 1838 152 1912 mortui
168 1836 254 1910 sunt,
276 1837 309 1900 id
330 1838 429 1910 dicitur
454 1836 489 1898 de
532 1839 665 1918 undam,
692 1844 740 1920 qui
757 1843 892 1914 dormivit

33 1917 135 1979 saitem
161 1915 240 1994 super
259 1918 380 1980 sacculos
394 1857 625 1997 Crocopienon
654 1924 800 2000 Myrrham
823 1925 891 1985 dicit

36 1995 155 2075 optime
180 1998 412 2074 putrefactionem
437 2015 555 2068 arcere,
588 2018 676 2078 quum
705 2002 831 2080 AEgyprii
854 2005 889 2064 ed

38 2078 85 2146 sua
103 2075 268 2149 cadavera,
286 2077 322 2138 ad
330 2076 516 2138 conficiendas
531 2080 670 2150 mamus,
690 2084 833 2152 condiunt.
851 2085 890 2169 stc

38 2171 71 2226 ut
88 2154 197 2246 finguia
213 2157 249 2219 ad
261 2157 468 2247 longevitatem
481 2157 598 2230 faciant;
863 2161 867 2165 '
