2092 3654
263 241 336 308 IN
380 237 401 305 S
422 237 447 304 Ρ
469 239 495 306 E
517 239 546 305 C
568 239 582 307 Ι
603 234 641 304 E.
832 235 887 312 181

24 349 114 418 leunt;
140 348 197 409 sed
210 347 306 406 omnis
320 345 409 424 radius
421 337 472 425 qui
486 339 580 426 oliqud
592 343 703 412 incidit,
714 336 889 432 'rededi-tur,

26 430 219 496 irridemus
234 437 364 500 tempore
378 425 534 502 vespertino
549 439 648 483 omnes
664 422 767 502 radios,
782 435 835 554 qur
855 436 885 478 m

27 525 131 584 aquam
149 503 303 572 incidunt,
322 503 442 575 reflecti,
461 505 536 564 unde
549 519 651 581 aquam
665 517 724 558 non
743 513 780 584 po
802 515 884 586 umus

27 587 167 662 inspicere
187 583 311 659 vesperi,
331 595 363 640 ut
383 596 477 642 nautae
497 582 568 643 bend
588 589 708 648 norunt,
727 590 883 654 qu1apauc1

28 677 141 724 tantum
159 661 235 723 radii
247 661 415 722 suffocantur
430 664 459 722 in
472 661 543 742 aquai
557 658 721 736 &plerique
741 651 885 730 reflectam,
913 681 917 688 ·

29 757 75 802 tur.

61 824 149 898 Ergo
176 817 322 896 dupliciter
338 817 501 882 considerari
519 819 619 891 debet,
635 813 743 894 primo:
764 813 881 900 obliqui·

31 913 63 961 tas
75 901 236 960 radiorum
250 899 410 961 interranis
426 899 562 961 secundo:
583 897 726 976 obliquitas
735 894 880 986 'radiorum

32 977 881 1145 tttssftlsttbt‘ltililuliiilibbliubi

37 1139 182 1206 calorem,
202 1135 250 1195 sed
261 1149 330 1197 terra
343 1137 481 1215 nostrasre
494 1139 630 1210 fadbacst,
648 1151 680 1199 ut
699 1135 733 1197 fit
752 1136 879 1196 medium

36 1217 222 1306 sphaericum,
241 1217 414 1356 quodsnullfio
436 1232 585 1282 momento
604 1219 733 1301 quiescit,
751 1215 797 1277 sed
815 1234 881 1286 mur

39 1307 102 1356 tatur
116 1309 244 1356 continu
277 1314 305 1354 m
330 1315 369 1356 uo
403 1309 442 1359 tu.

69 1373 228 1436 Secundo:
244 1385 314 1436 tersa
333 1377 425 1438 nostra
447 1381 566 1458 repletur
584 1378 742 1456 corporibus
762 1378 884 1455 opacis}
946 1423 949 1427 .

40 1454 93 1542 licet
105 1455 143 1514 fit
156 1455 252 1514 serena
265 1457 426 1533 tempestas,
446 1459 502 1518 hoc
515 1459 623 1519 videtui
637 1458 720 1535 paulo
734 1457 880 1517 incredibi-
915 1493 918 1496 -

39 1533 96 1605 lus,
117 1548 229 1594 terram
243 1535 339 1611 repleri
352 1539 511 1612 corporibus
525 1539 634 1613 opacis,
653 1535 698 1595 sed
712 1535 880 1596 facileinno-

41 1614 125 1674 rescit:
145 1611 168 1672 fi
181 1611 265 1672 habes
277 1630 379 1691 aquam
391 1617 517 1692 frigidam
531 1631 628 1692 puram
636 1615 664 1684 in
671 1615 879 1691 valequiesceu-

42 1703 90 1753 tem
98 1733 108 1764 ,
132 1691 187 1781 erit
201 1691 352 1766 pellucido,
369 1693 389 1751 fi
403 1696 528 1754 calefacis
541 1695 615 1752 illam
628 1691 879 1767 manet'penucida

42 1769 168 1832 fiebulht
181 1782 278 1829 manet
289 1770 442 1847 pellucida,
459 1771 505 1832 sed
519 1771 609 1827 omnis
628 1783 719 1846 uapor·
737 1771 882 1838 exhalans,

42 1853 82 1926 qui
102 1851 147 1910 ost
167 1849 351 1908 millionefies
363 1846 459 1908 millies
477 1847 561 1907 rarior
574 1845 661 1926 aqud,
681 1865 740 1908 non
757 1850 808 1908 erit
821 1848 880 1924 pel-

42 1929 163 1996 lucidus‚
183 1929 239 1987 hoc
254 1945 290 1986 er
309 1925 382 1987 nulli
402 1925 452 1987 alii
472 1927 566 1999 cauti,
585 1945 687 2006 quam,
707 1927 772 2006 quia
790 1938 878 2006 partes

42 2010 111 2070 aliter
125 2005 355 2082 transponuntur,
374 2001 426 2066 hic
438 2008 545 2067 ratione
563 2007 618 2069 sold
637 2005 779 2086 poilumus
792 2006 878 2082 expll-

44 2105 98 2146 care
116 2085 249 2176 nebulas,
268 2089 333 2178 quia
353 2087 444 2147 omnis
464 2088 630 2164 pellucidltas
645 2089 739 2178 perit,
764 2086 878 2146 simulac

43 2163 500 2322 trimitountus
514 2179 679 2306 unu
691 2165 884 2322 asnaa:

45 2337 92 2391 tur,
113 2322 253 2414 secundo:
274 2325 399 2414 quiaipsa
414 2323 517 2384 multos
530 2263 756 2414 radossuffocat„
776 2326 878 2414 &hinc

7 2463 8 2482 q
46 2404 115 2462 salut
128 2397 240 2461 interra
259 2402 332 2479 nigri
352 2403 445 2482 quoad
465 2403 585 2463 calorem
601 2401 681 2478 ipsius
693 2414 773 2461 terrae
786 2405 823 2463 est
836 2417 883 2462 111·¹

7 2491 8 2518 ¹
47 2499 126 2556 gens,
146 2480 279 2558 quoniam
296 2482 362 2541 nihil
377 2482 509 2552 reflectit,
528 2483 584 2542 hoc
597 2491 700 2541 norunt
714 2499 812 2544 omnes
832 2501 877 2542 ru-

7 2565 8 2572 ’
47 2561 124 2626 ilici,
152 2559 200 2636 qui
220 2559 342 2620 habitant
365 2563 395 2617 a'n
417 2565 450 2619 de
468 2561 571 2620 Vcenen
597 2562 643 2620 ubi
667 2559 777 2636 cespites
804 2565 886 2622 ello·xx

47 2639 172 2707 diuntur,
191 2655 256 2714 quae
269 2638 306 2697 cll
318 2651 387 2700 terra
406 2639 580 2711 calidiffimn,
598 2640 644 2700 sed
664 2634 684 2699 fi
703 2653 751 2716 per
771 2643 877 2720 aliquot

47 2718 125 2780 horas
138 2714 258 2776 ambulas
270 2717 299 2776 in
310 2717 356 2777 tali
368 2718 454 2789 terri,
473 2719 556 2796 pedes
573 2720 714 2790 multum,
733 2720 814 2780 facies
829 2737 879 2778 ve·

49 2794 286 2854 rdnihilcalescita
298 2795 383 2866 terrai}
404 2816 420 2857 e
435 2809 531 2856 contra
542 2798 563 2856 fi
575 2799 694 2869 multum
702 2801 823 2860 ambulas
829 2813 879 2875 per

49 2876 108 2934 loca
130 2873 261 2944 arenosa,
287 2885 318 2934 ut
336 2891 387 2951 per
406 2875 573 2945 monmorde
593 2879 705 2936 Daiara
724 2875 810 2938 'areni
830 2878 878 2936 six

51 2952 179 3012 calesccnt
191 2953 292 3028 pedes,
312 2952 358 3013 sed
373 2955 454 3014 facies
468 2956 638 3016 comburitur
651 2975 667 3016 a
680 2955 829 3016 reflexione
836 2973 880 3014 ra·
906 3012 910 3022 ,

52 3031 172 3101 diorum,
190 3031 255 3090 hinc
266 3032 361 3107 ingens
374 3032 527 3094 differentia
540 3035 577 3094 est
590 3035 683 3114 quoad
696 3045 777 3093 terrae
798 3033 880 3094 titum
979 3057 981 3060 ·

54 3113 160 3188 ejusque
173 3111 306 3169 colorem.
691 3131 729 3148 ·’
867 3141 870 3148 ·

90 3189 141 3247 Sed
154 3206 212 3248 non
224 3190 281 3246 hoc
294 3187 405 3262 [olum3
421 3203 525 3262 verum¹
541 3193 624 3252 etiam
645 3199 755 3250 montes
774 3194 880 3257 variant
903 3225 905 3230 ·

55 3269 188 3337 calorem,
207 3277 319 3328 montes
331 3269 406 3330 enim
418 3271 479 3332 sunt
485 3285 550 3332 veta
556 3270 663 3348 specula
670 3285 812 3344 concava,
827 3290 881 3330 un‹

478 3350 513 3408 M
535 3365 551 3427 3
843 3347 889 3416 'do
