2068 3676
255 141 339 254 na
360 193 365 200 ·
384 183 417 254 c
436 180 472 258 u
493 185 520 263 a
542 147 574 260 n'
596 187 641 279 o
826 209 875 284 ,a

31 285 219 367 scnpfenmtffe
231 288 390 350 Alchemia
406 290 483 349 &de
500 303 596 350 natura
609 292 685 368 cupri
696 292 880 362 dicuntanul-

33 368 141 450 lumese
153 371 302 430 efficacius
317 367 560 438 medicamentum
574 387 660 446 quam
681 372 826 455 Coprum,
849 375 881 437 δε

34 447 91 508 binc
107 447 281 528 compositus
296 447 336 506 est
348 447 416 524 lapis
429 447 474 520 ille
488 448 592 508 Butleri
613 447 644 523 (fi
663 465 721 521 non
741 452 779 512 est
799 453 880 513 fabu-

33 527 102 604 losus)
113 531 175 590 hinc
189 529 447 597 medicamentum
461 526 527 587 illud
546 525 680 586 laudabile
702 529 879 604 Heimontii,
1003 530 1006 542 '

34 605 117 672 ¹scilicet
129 605 386 694 sulphtiriritrioli‚
402 598 451 666 'scu
465 623 512 667 ens
532 606 633 666 vitrioli
654 607 782 666 diuturni
801 609 881 669 calci-

38 678 352 758 natone,'c0hobati0ne
368 684 521 760 perignem
536 683 661 764 fixatum.
702 686 779 746 Hinc
803 686 881 766 Boy·

39 761 81 822 leus
94 766 257 844 composuit
268 764 354 834 suum
373 762 525 822 Colcothar
540 782 574 822 ex
589 777 654 824 ente
667 765 769 830 vinioli
784 767 881 830 Vene—

35 843 60 900 n·
72 843 240 904 sublimando
250 842 412 916 resuscitato
419 859 467 917 per
473 843 554 902 salem
568 845 778 907 ammoniacum
782 846 881 922 unlus

36 938 64 976 ce
93 923 217 984 omnibus
253 921 454 998 experimentis
481 921 566 992 latent
606 941 703 981 arcana
743 925 880 992 Chemica

40 998 73 1056 ad
86 1003 210 1062 curandos
223 997 461 1076 omnesrnorbon
502 999 879 1082 Vertffimunsaueestquod

42 1094 142 1153 cuprum
162 1081 195 1140 sit
217 1078 473 1158 praestantissimum
493 1081 676 1148 vomitorium
692 1083 721 1142 δι
734 1082 879 1159 summum

39 1157 200 1229 antidotum,
220 1157 242 1220 fi
258 1175 375 1238 uenena
387 1153 503 1216 assumta
518 1157 596 1235 sunt,
612 1179 681 1220 uam
697 1161 786 1230 statim
800 1163 897 1222 acas-'

36 1234 145 1297 sumtum
161 1238 273 1318 elisium
287 1233 361 1314 uires
375 1248 499 1306 exercet,
518 1237 621 1316 reliqua
627 1240 787 1303 Vomitoria
793 1239 881 1306 tatem

39 1312 81 1373 diu
92 1316 119 1374 in
130 1315 306 1388 ventriculo,
322 1325 477 1394 antequam
491 1330 588 1392 agant,
611 1319 738 1388 nauseas,
755 1320 880 1382 anxieta-

40 1404 78 1450 tes
90 1396 140 1454 &c
152 1395 294 1476 creandO,
312 1391 392 1454 sedfi
408 1396 467 1474 quis
480 1412 520 1472 gr:
541 1397 552 1455 i
573 1397 665 1464 viridis
684 1399 744 1459 aare
758 1410 879 1461 tantum

40 1469 194 1548 assumserit,
231 1470 309 1548 illico
324 1487 443 1547 vomet,
463 1473 693 1552 hiucsyrupiilli,
731 1477 881 1554 quiapu-

40 1551 109 1613 rbus
122 1555 227 1634 cupreis
240 1551 422 1634 pernoelem
442 1551 528 1623 stant,
548 1556 578 1614 δε
600 1551 668 1614 tunc
685 1555 825 1631 teguntur
844 1575 880 1618 ex

41 1631 122 1706 pelvi,
140 1628 232 1695 statim
251 1631 396 1693 vomitum
416 1631 559 1711 excitant,
601 1633 639 1692 est
659 1634 743 1692 etiam
758 1632 881 1692 medica·-

41 1723 158 1771 neutum
179 1711 324 1790 optimum
344 1710 372 1770 in
399 1709 504 1774 morbis
527 1711 663 1770 chronicis
691 1712 722 1768 &
747 1710 839 1786 hydro
860 1713 881 1756 '-

40 1787 79 1847 tis.
111 1791 190 1868 ilinc
206 1788 326 1870 'quidam
347 1789 453 1868 celeber
469 1787 599 1856 Medicus
616 1787 721 1848 sanavit
746 1788 883 1852 Carolum

40 1861 72 1924 V.
89 1867 124 1928 ad
141 1867 270 1948 hydrope
290 1867 340 1949 uso
360 1869 444 1948 cupri.
485 1865 513 1926 Si
533 1883 604 1931 vero
621 1867 663 1928 vis
681 1867 728 1928 sua
754 1868 883 1930 vomito,—
939 1923 941 1932 .

40 1945 73 2006 ria
90 1947 177 2008 deleta
196 1947 235 2008 est
254 1943 437 2026 incorpore,
457 1945 508 2020 suo
526 1945 654 2024 sulphure
681 1949 762 2025 agit,
801 1949 882 2028 quod

40 2024 211 2096 ciimaximb
238 2026 409 2105 penetrabile
431 2027 660 2091 &narcoticum
680 2027 822 2092 summum
840 2029 883 2088 le·

42 2104 112 2164 niens
127 2108 156 2167 δι
174 2105 340 2176 mitescens,
360 2104 473 2184 dequo
493 2107 567 2167 varia
593 2107 783 2184 experimenta
809 2093 894 2186 insti-y
992 2165 994 2168 .

44 2183 89 2246 tuit
102 2185 159 2246 clar.
196 2183 409 2260 Hombergius,
429 2183 573 2262 quaesunt
592 2183 722 2262 descripta
741 2184 771 2244 in
778 2183 883 2248 monuss

46 2264 272 2336 permissorum
285 2263 429 2340 regiorum
442 2261 639 2324 Paristenfium.

76 2341 100 2400 si
117 2361 184 2408 veto
201 2361 295 2422 cupro
308 2337 371 2400 suso
384 2343 429 2402 vel
436 2343 525 2420 ignito
533 2354 640 2405 tantum
647 2353 753 2418 guttam
761 2359 846 2404 unam
854 2363 883 2409 a·

45 2433 98 2494 quae
114 2425 260 2502 aluderis,
282 2420 367 2490 resilit
384 2421 536 2482 inmilleaa
561 2423 735 2498 fragmenta,
763 2425 796 2484 &
809 2422 883 2490 soni-

45 2509 94 2560 tum
111 2504 165 2565 edit
179 2493 399 2569 incredibilem,
415 2511 498 2580 atque
519 2519 618 2575 omnes
637 2500 769 2562 adstantes
782 2514 882 2572 necat,
931 2549 934 2554 Α

45 2593 115 2652 quare
127 2585 209 2644 Sueci
229 2577 366 2642 fodinarii
384 2595 443 2640 non
460 2581 539 2648 facile
563 2580 684 2658 aliquem
712 2581 879 2652 admittunt,

44 2671 71 2715 le
87 2659 283 2743 ore·spuendo
304 2658 362 2732 &cz
380 2655 519 2736 sumnam
537 2660 652 2732 noriam
675 2662 706 2720 &
730 2659 883 2726 muium«
938 2719 940 2724 .

43 2743 191 2808 imbuat.
239 2801 243 2808 .
799 2767 802 2772 ·

649 3159 886 3288 ‘utrumn
956 3275 959 3280 ,
