2108 3684
78 235 165 306 UT
190 229 562 302 INSTRUMENTO
580 231 788 306 ,CHEMIAE
832 251 893 307 229

35 337 162 414 ‘mplevit
177 335 269 414 Aqui
282 335 376 396 donec
387 331 470 415 Aqua
484 340 587 410 exiret,
606 352 668 398 tum
684 335 796 398 cochlei
810 339 908 396 exac·'

36 415 127 476 imme
143 413 253 484 clausit
266 415 341 481 illam
355 415 486 492 sphaeram
499 419 572 487 auri,
592 419 622 475 δε
633 431 694 476 tum
718 415 806 492 posuit
819 417 888 476 intra

36 498 149 568 palum
174 493 295 570 (scimus
308 494 412 554 nullam
426 491 541 572 figuram
555 493 608 556 effe
621 495 792 578 capaciorem
800 494 886 568 spbae-
902 499 905 532 ἱ

37 575 88 649 n'ci)
110 570 298 649 summique
318 571 348 630 vi
366 573 471 650 preffit,
493 574 593 651 globus
619 573 792 650 capaciorem
814 571 885 708 ᾖξα-
985 590 989 600 ·

37 669 82 711 nm
109 649 265 712 assumere
292 667 353 709 non
377 663 508 727 poterat,
530 672 582 714 nec
600 653 685 731 Aqua
707 650 817 710 eondeu
844 667 884 718 n.

38 733 92 806 quid
104 744 186 790 tunc
200 728 290 788 fiebat
305 728 318 786 ἓ
337 745 402 789 cum
416 733 499 809 Aqua
511 737 571 793 tam'
589 733 699 792 enormi
721 731 749 788 vi
763 729 885 804 compri-
939 741 945 754 ’

39 812 180 880 uebatur,
203 825 267 866 non
286 809 379 884 potuit
396 811 569 885 condensari,
589 811 634 871 sed
652 829 701 890 per
721 809 805 886 ipsam
818 807 884 869 lub-

40 887 159 949 ianuam
188 885 254 945 auri
281 882 481 962 trauffudavit,
511 905 543 951 ut
569 891 667 968 globus
691 906 791 956 aureus
816 885 901 948 esset·

40 964 467 1045 mfipluuiosusmestunret
478 969 600 1048 Aquam.
623 969 699 1048 Ergo
707 969 791 1052 Aqua
800 985 882 1028 com·

43 1047 109 1118 primi
125 1062 190 1105 nec
206 1044 346 1122 penetsari
358 1047 446 1122 potest
459 1047 511 1136 ulli
525 1049 572 1139 vi,
588 1060 683 1140 tamen
695 1047 780 1128 Aqua
800 1046 882 1137 rarei-

43 1119 619 1291 lismn‘lndlltllffi‘tlinlsff
633 1125 883 1268 {bilbili

43 1280 182 1342 licitatem
198 1279 327 1340 habeant.
353 1283 437 1362 Aqua
448 1285 523 1362 Ergo
539 1303 656 1346 omnem
676 1285 735 1344 vim
753 1284 880 1344 sustinere

43 1361 136 1433 potest,
153 1363 190 1420 δι
201 1370 300 1418 tamen
311 1377 370 1420 non
381 1362 467 1439 redigi
479 1364 514 1424 ad
525 1362 641 1441 spatium
653 1361 881 1451 minus3idquod
1008 1366 1010 1372 '

44 1439 138 1501 constat
162 1448 270 1515 praeter
289 1440 508 1517 experimentum
523 1444 583 1520 jam
596 1439 760 1501 recenfitum
774 1457 881 1517 expen-

44 1520 133 1578 ucntis
155 1533 249 1596 quam
268 1517 405 1592 plurimis:
427 1538 516 1578 unum
537 1519 627 1580 citabo
647 1537 706 1597 quo
719 1521 790 1579 clare
802 1530 880 1596 pate·

44 1593 85 1656 bit:
104 1599 195 1678 Aqua
203 1611 271 1691 quae
282 1596 508 1674 semelimplevit
520 1597 632 1676 aliquod
646 1615 745 1673 corpus
758 1615 879 1675 cavum,

44 1675 146 1736 &dein
168 1691 352 1752 quacumque
376 1675 411 1734 de
431 1675 508 1733 caufi
527 1677 635 1750 cogitur
660 1675 689 1732 in
709 1675 800 1732 minus
820 1675 880 1750 spa·

43 1753 121 1830 tium,
141 1757 256 1829 franget
277 1751 343 1811 illud
363 1767 410 1810 vas
433 1753 558 1810 maximo
577 1768 641 1830 cum
661 1749 785 1827 impetu,
802 1751 881 1828 quod

44 1832 103 1893 clare
116 1832 245 1892 cernitur
257 1833 288 1890 in
297 1828 445 1888 tormentis
458 1827 557 1889 bellicis
564 1851 573 1898 ς
593 1829 655 1888 haec
669 1827 689 1888 fi
703 1827 786 1909 Aqui
804 1831 879 1908 frigi-

44 1909 192 1988 dipe'nitus
204 1909 357 1986 implentur
370 1909 400 1968 &
413 1907 572 1968 obturantur
584 1905 727 1983 accurati,
746 1923 777 1970 ut
794 1909 878 1990 Aqua

43 1992 108 2050 nullo
122 1987 221 2050 modo
233 1985 315 2066 poffit
326 1987 418 2059 exire,
439 1985 459 2046 sr
473 2001 540 2048 tunc
554 1989 709 2049 maximum
723 1989 805 2066 fn'gus
821 1991 879 2050 ori-

43 2079 94 2143 tur,
113 2069 152 2129 ad
172 2065 255 2146 quod
275 2065 397 2127 maxim&
417 2069 619 2145 conglaciantur
633 2067 662 2128 δι
676 2067 895 2140 consolidantur⁴

43 2147 90 2207 ieri
111 2149 232 2215 omnia,
251 2157 318 2206 tunc
337 2147 463 2224 materies
477 2148 611 2206 metallica
624 2165 739 2226 quoque
754 2145 877 2219 manimA

45 2225 229 2293 contrahitur,
246 2223 291 2282 sed
309 2225 393 2305 Aqua
415 2225 513 2286 cedere
528 2227 641 2304 nequit,
659 2227 724 2286 hinc
738 2239 830 2303 crepat
846 2228 877 2287 δι

45 2305 171 2383 iungitur
183 2301 251 2362 illud
264 2313 436 2372 tomentum
452 2305 577 2366 bellicum
590 2303 713 2364 maximi
725 2307 763 2374 vi,
771 2304 826 2368 soli
835 2308 877 2366 A·

44 2383 105 2460 qui,
124 2380 207 2462 quod
219 2398 362 2460 nunquam
375 2381 407 2443 fit
416 2401 467 2464 per
488 2383 599 2462 aliquod
619 2381 734 2444 fluidum
755 2383 878 2461 expansi·

44 2461 79 2520 le:
98 2462 291 2540 experimenta
309 2461 381 2540 saepe
400 2463 473 2522 fam
490 2463 552 2522 sunt
569 2463 598 2522 in
613 2462 705 2522 Galliis
725 2463 756 2523 ὅ(
769 2463 877 2542 Anglii.

46 2543 183 2617 Quaeritur
203 2555 333 2616 quaeuam
348 2541 429 2602 “causa
438 2540 475 2604 .s1t
488 2560 535 2602 cur
549 2542 631 2622 Aqua
644 2555 702 2602 tam
720 2539 787 2603 le'vis
805 2562 877 2620 pon·
952 2571 955 2578 ¹

44 2619 106 2680 deris
120 2622 151 2678 &
161 2629 224 2686 tam
237 2617 315 2677 facile
329 2617 433 2690 fluens‚'
449 2621 568 2684 minimo
581 2623 662 2700 igne,
682 2620 878 2682 adebincom·

47 2687 148 2773 preisrlis
161 2696 194 2754 fit
208 2693 365 2778 &quidem
377 2694 412 2757 ad
426 2697 560 2760 finnmam
576 2699 877 2786 causamcomprimen-
926 2692 951 2724 ⁸
1030 2685 1033 2694 “

47 2775 117 2836 tem?
138 2771 248 2834 nactur
261 2772 323 2836 'effe
342 2775 396 2838 sola
409 2775 620 2854 homogeneitas
633 2779 690 2858 ejus
705 2779 831 2854 partium.
855 2779 876 2839 fi

47 2853 244 2915 consideramus
257 2853 371 2930 Aquam
385 2855 457 2916 ione
469 2855 592 2916 constare
604 2856 767 2938 quibusdam
789 2857 877 2932 sphae-

49 2935 101 2993 ritis
120 2933 165 2994 vel
177 2930 278 2990 cubicis
298 2933 434 3013 paniculis
452 2935 524 2996 intus
540 2936 669 3005 cavis,&
681 2932 822 2994 substantii
833 2934 879 2994 fir-

50 3007 176 3081 nimus,
191 3007 253 3088 jam
265 3009 348 3074 hosa
358 3008 443 3072 talem
452 3013 560 3074 'cubum
574 3029 708 3092 parvum,
728 3012 777 3090 qui
796 3012 889 3077 babet.

52 3089 114 3150 intra
129 3085 337 3150 se'fomicatum
351 3107 470 3160 cavum,
490 3093 556 3168 ergo
570 3109 629 3151 non
641 3091 742 3167 poterit
754 3087 880 3170 ulliqui-

52 3183 167 3247 cumque
186 3164 217 3226 vi
236 3166 399 3240 comprimi,
418 3170 481 3248 quia
500 3169 630 3248 partiaria
644 3167 687 3226 illa
701 3165 811 3243 po'nitur
824 3171 882 3234 fine

53 3263 117 3326 poro
123 3289 134 3320 ,
152 3260 219 3324 ergo
232 3239 337 3311 tumre
346 3245 485 3386 tefistensp,
506 3250 537 3308 δι
549 3249 579 3308 iu
592 3244 689 3306 medio
704 3247 824 3338 ponitur·
834 3269 881 3308 ca·

506 3343 522 3402 3
797 3339 876 3402 ritas,
