2046 3632
296 171 652 259 CH'EMIAE.

21 243 117 351 'qdod
167 272 256 366 sebito
285 277 314 338 in
342 281 428 356 atcalt
448 304 572 358 mutetur
607 301 703 368 addito
731 312 816 381 alcah'.
832 233 888 298 2²⁷

77 361 104 424 ς.
122 371 145 430 ς.
173 354 201 413 81
216 356 322 432 spiritus
336 361 382 422 hic
391 365 518 444 jungitur
532 375 633 452 spiritui
649 385 730 460 nitri,
749 393 797 456 dat
805 371 885 465 effet-
951 420 954 439 ¹

15 428 204 494 vescentiam
225 452 386 512 magnam,
413 446 443 504 &
460 467 527 512 cnm
548 458 640 531 modo
664 467 757 532 ambae
778 475 882 554 lagenae

16 522 138 584 apertae
156 513 237 590 juxta
256 515 283 574 se
306 517 429 582 invicem
453 545 617 609 ponantur,
644 541 739 610 fumus
753 555 840 618 oritur
854 563 884 622 in

16 589 118 657 a'e're,
136 592 185 668 qui
198 592 263 653 a'lias
279 611 338 656 non
355 601 506 668 videbatur.
530 612 641 676 interim
658 621 733 705 saepe
749 631 806 694 vidi
816 654 881 700 cum
990 629 992 636 ¹

14 667 109 726 hunc
123 668 247 745 spiritum
260 674 384 738 feceram
400 699 465 744 eum
487 690 563 752 calce
578 695 640 758 vivd

15 745 114 806 alcali
128 749 267 824 praesentis
287 753 417 828 dederit,
443 781 537 845 neque
560 771 644 840 fiebat

10 841 97 884 cum
112 825 215 903 spiritui
229 829 292 892 nitri
305 834 462 912 jungerem.

62 907 92 970 §.
107 910 133 964 6.
150 904 263 969 Si'vero
276 909 312 970 sal
327 915 374 974 hic
389 918 519 986 alcalinus
534 929 618 1006 plane
630 937 744 1018 igneus,
765 949 796 1009 &
813 970 878 1015 om.

12 983 99 1042 nino
117 981 269 1048 corrofivus
286 989 477 1073 defideretun,
502 1005 625 1074 elevetur
655 1032 764 1086 tantum
779 1028 817 1090 bis
831 1035 878 1097 vel

4 1075 60 1122 ter
81 1062 118 1122 de
132 1081 211 1124 novo
231 1086 296 1128 cum
310 1070 363 1136 sale
380 1078 458 1141 alctli
473 1082 531 1146 fixo
634 1090 636 1096 ’

8 1155 50 1202 ut
69 1159 131 1201 uno
147 1159 297 1208 momento
310 1151 458 1219 hominem
474 1167 585 1232 occidat
603 1212 613 1241 ‚
639 1177 660 1238 fi
674 1183 759 1258 pauld
774 1192 876 1268 majori

5 1220 106 1296 copie
119 1221 254 1288 incautius
268 1227 407 1296 hauriatur
422 1243 544 1316 nan'bus,
566 1253 715 1327 pulmones
730 1267 806 1327 enim
815 1272 875 1348 pla-

8 1300 56 1360 ῃὲ
76 1301 252 1378 condensat,
284 1321 314 1368 ut
327 1315 373 1374 vix
395 1316 488 1394 spiritu
512 1329 586 1387 aceti
601 1333 756 1400 ·fortiffimo
771 1343 874 1424 restitui

4 1377 127 1456 poffint.
136 1381 164 1442 Si
172 1401 237 1446 eum
253 1387 342 1450 vefict
361 1397 419 1454 cuti
435 1400 596 1475 applicatur,
604 1412 707 1474 veficas
723 1418 803 1484 instar
817 1430 873 1487 fer-

5 1461 35 1518 ri
53 1457 204 1524 candentis
219 1466 276 1524 urit
291 1490 300 1534 ;
327 1469 393 1528 hine
408 1486 486 1548 patet
507 1487 657 1556 quomodo
677 1511 784 1559 venena
799 1507 873 1579 peti·

27 1541 224 1604 neumon'ian‘t
241 1542 385 1607 inducant.
422 1549 498 1629 Ergo
516 1563 641 1629 maxime
662 1577 819 1643 cavendum
835 1585 869 1645 ab

4 1557 109 1695 ζώω
126 1617 156 1674 in
190 1620 249 1696 ejus
262 1628 471 1700 praeparatione.

646 745 656 772 ,
679 709 757 782 quod
772 711 881 790 fignum

673 785 881 859 effervescentia

4 3029 31 3093 S.
48 3047 78 3091 x.
122 3035 286 3120 'ostquam,
301 3046 366 3124 igne
390 3056 485 3118 valido
508 3078 607 3137 arene,
623 3071 746 3146 expulisti
767 3094 856 3148 omne

80 3039 258 3193 Ptolatile
275 3122 353 3189 a‘lcali
366 3149 402 3194 ex
415 3139 542 3214 proceffu
556 3147 775 3223 praecedenti,in
790 3162 854 3226 fun-

142 3196 182 3258 do
196 3201 313 3266 haerebit
330 3211 416 3280 matra
431 3213 521 3292 steca.
535 3220 585 3308 'deu
593 3230 707 3292 materia
722 3233 780 3298 salis
794 3237 855 3303 fixi·

431 3315 449 3359 2
781 3326 851 3396 otis,

539 1101 875 1187 ;tuncenimtalisfit,
925 1097 967 1162 ἰ
1017 1095 1018 1104 ¹
