2048 3638
129 197 186 262 228
362 191 785 256 ounrt'fflolrrus

133 306 210 370 oris,
228 305 308 364 hune
326 306 358 365 in
381 306 524 366 crucibulo
539 305 576 365 ad
590 303 689 380 ignem
701 301 791 364 semel
802 301 917 372 funde,
940 302 973 361 td

138 385 272 461 fiptacet,
285 384 395 462 saepiuol

178 469 205 530 ἐ.
220 466 342 526 2.'Haec
354 467 470 526 materia
485 465 605 524 solvatur
619 461 717 541 aqut,
742 463 859 523 filtretur
877 503 887 531 ‚
904 463 978 540 iuipi

140 542 977 621 fienuadcunculam,crystalliu,oriunrurcrystallicubicae,

146 627 324 700 penetrantes
340 667 351 694 ‚
367 625 504 684 solventes
517 641 633 691 aurum,
650 622 783 700 adeoque
801 621 979 682 renasciturii

124 733 128 738 ·
146 707 270 763 marinus
287 747 297 771 ,
314 707 365 782 qui
377 721 480 780 praeter
491 701 527 762 sal
541 719 667 778 gemmae
681 701 766 760 solvit
779 719 894 763 aurum.

189 787 215 848 §.
229 801 259 860 3.
288 783 345 842 Hic
355 782 394 842 inl
408 782 444 841 ad
458 781 620 842 drachmam
637 779 764 840 mediam
787 779 884 850 dutus,
896 782 982 842 hubiru

150 861 188 919 est
202 880 219 919 a
235 862 390 922 Clnriffimo
405 862 502 938 Sylvio
516 879 567 938 pro
582 860 695 919 summo
711 877 840 927 arcano,
867 861 981 922 iorsruin

26 945 33 952 ’
149 941 269 1000 febribus
282 939 527 1000 intermittentibus
541 937 578 1000 ad
591 939 723 998 sudorem
742 938 919 1000 eliciendum
938 985 946 1011 ,
963 941 980 996 ἀ

150 1023 299 1094 coagulum
315 1019 412 1078 febrile
424 1019 610 1085 solvendum,
637 1033 706 1076 cum
720 1031 821 1076 tumen
837 1018 879 1078 sal
894 1037 980 1080 ammo

151 1099 266 1168 niacus,
286 1097 400 1174 ejusque
420 1097 564 1174 floslougie
587 1099 711 1174 majores
732 1097 833 1156 laudes
850 1113 980 1160 merem:

150 1195 205 1234 nec
225 1177 295 1234 novi
318 1176 418 1236 melius
440 1175 611 1254 febrifugam
627 1193 715 1253 quarn
738 1193 827 1251 gruna
841 1179 938 1256 viginti
949 1181 981 1236 io

26 1328 45 1341 Ι,
149 1273 212 1312 rum
235 1255 293 1313 salis
309 1256 483 1314 ammoniaci
494 1301 504 1326 ,
514 1258 543 1315 in
559 1255 656 1317 culido
673 1255 774 1314 haustu
784 1296 793 1325 ,
804 1255 864 1316 uui
878 1260 924 1320 vei
938 1259 982 1317 du·

152 1335 202 1392 bus
216 1335 292 1394 horis
305 1349 371 1394 ante
385 1336 595 1413 puroryimum.

200 1426 225 1488 ς.
237 1421 265 1488 4
281 1415 318 1474 Et
335 1413 372 1472 fic
387 1414 487 1475 vidistis
500 1415 585 1474 salem
600 1415 824 1486 ammoniacum,
836 1413 983 1478 cousturei

155 1497 207 1553 caii
220 1495 329 1554 uolatiii
345 1493 586 1562 animatorum
602 1493 795 1570 perspiritum
810 1494 984 1558 voltniernb

156 1575 188 1632 iis
203 1575 303 1632 marini
317 1575 440 1634 acidum.
478 1575 509 1632 Si
518 1589 593 1632 nunc
606 1573 686 1630 alcrli
699 1573 790 1632 fixum
807 1575 881 1636 huic
893 1577 985 1652 irlijuo

156 1654 230 1728 gitur
246 1651 266 1720 ‚¹
284 1665 353 1711 tunc
368 1671 404 1712 ex
418 1670 455 1712 eo
469 1653 572 1730 rapitur
590 1651 639 1710 seu
660 1651 809 1716 imbibitur
831 1656 873 1717 sal
897 1655 984 1716 voum

157 1733 252 1792 acidus
266 1732 302 1790 ab
313 1731 394 1792 alcali
404 1731 482 1799 fixo,
505 1734 536 1792 δι
550 1740 648 1790 manet
661 1729 699 1788 sal
714 1732 848 1794 urinosus
863 1779 874 1805 ‚
898 1736 937 1796 ieu
947 1753 984 1792 ru

158 1814 239 1871 maiis
254 1811 322 1870 hbet
337 1831 346 1870 ι
371 1809 408 1870 sal
423 1811 502 1870 alcali
523 1811 590 1870 liber
605 1809 640 1868 ab
655 1811 741 1868 omni
755 1813 846 1874 acido
862 1809 985 1895 semperoi

157 1889 291 1949 volatflis:
312 1889 348 1948 ad
363 1889 483 1949 fundum
501 1908 569 1948 vero
583 1888 688 1947 secedit
704 1893 846 1964 materia,
869 1913 933 1972 qnae
942 1909 985 1955 oon·

159 1969 210 2027 stat
225 1987 260 2027 ex
276 1969 354 2027 alcali
373 1967 444 2037 fixo,
456 1987 507 2046 per
521 1969 632 2030 acidum
645 1966 705 2026 salis
720 1969 828 2031 marini
843 1968 986 2038 saturatoii

159 2048 321 2110 cstrenatur
335 2047 374 2106 est
388 2046 424 2106 sal
448 2048 568 2108 marinus
585 2085 595 2116 ‚
623 2047 673 2126 qui
689 2045 805 2125 semper
831 2055 889 2114 erit
902 2055 957 2114 tirus
967 2067 988 2108 u

158 2139 256 2186 natura
271 2126 359 2196 alcali,
383 2128 414 2186 ὃ(
436 2125 574 2204 specificus
591 2145 626 2186 ex
643 2137 741 2184 natura
757 2130 837 2189 acidi
855 2175 867 2202 ,
884 2130 990 2212 quodie

158 2205 353 2266 monstrabitur
365 2205 395 2264 in
409 2205 519 2266 histonii
534 2206 768 2282 Regenerationis
783 2207 890 2272 salium
903 2217 931 2275 in
943 2209 991 2273 ioi·

156 2285 244 2423 llibtnlu,
263 2285 301 2345 est
314 2300 428 2364 quoque
442 2286 542 2346 fortior
555 2287 588 2346 bc
603 2284 741 2346 robustior
755 2287 815 2348 saie
830 2291 949 2356 alalino
962 2307 991 2348 r:-

171 2381 185 2422 a
227 2407 234 2421 .
